;; -*- mode: org; mode: beancount; -*-
;; Birth: 1980-05-12
;; Dates: 2020-01-01 - 2022-01-24
;; THIS FILE HAS BEEN AUTO-GENERATED.
* Options

option "title" "Example Beancount file"
option "operating_currency" "USD"

2020-01-01 custom "fava-extension" "fava_review" "{}"

* Commodities


1792-01-01 commodity USD
  export: "CASH"
  name: "US Dollar"

1900-01-01 commodity VMMXX
  export: "MUTF:VMMXX (MONEY:USD)"

1980-05-12 commodity VACHR
  export: "IGNORE"
  name: "Employer Vacation Hours"

1980-05-12 commodity IRAUSD
  export: "IGNORE"
  name: "US 401k and IRA Contributions"

1995-09-18 commodity VBMPX
  export: "MUTF:VBMPX"
  name: "Vanguard Total Bond Market Index Fund Institutional Plus Shares"
  price: "USD:google/MUTF:VBMPX"

2004-01-20 commodity ITOT
  export: "NYSEARCA:ITOT"
  name: "iShares Core S&P Total U.S. Stock Market ETF"
  price: "USD:google/NYSEARCA:ITOT"

2004-01-26 commodity VHT
  export: "NYSEARCA:VHT"
  name: "Vanguard Health Care ETF"
  price: "USD:google/NYSEARCA:VHT"

2004-11-01 commodity GLD
  export: "NYSEARCA:GLD"
  name: "SPDR Gold Trust (ETF)"
  price: "USD:google/NYSEARCA:GLD"

2007-07-20 commodity VEA
  export: "NYSEARCA:VEA"
  name: "Vanguard FTSE Developed Markets ETF"
  price: "USD:google/NYSEARCA:VEA"

2009-05-01 commodity RGAGX
  export: "MUTF:RGAGX"
  name: "American Funds The Growth Fund of America Class R-6"
  price: "USD:google/MUTF:RGAGX"



* Equity Accounts

1980-05-12 open Equity:Opening-Balances
1980-05-12 open Liabilities:AccountsPayable



* Banking

2020-01-01 open Assets:US:BofA
  address: "123 America Street, LargeTown, USA"
  institution: "Bank of America"
  phone: "+1.012.345.6789"
2020-01-01 open Assets:US:BofA:Checking                        USD
  account: "00234-48574897"

2020-01-01 * "Opening Balance for checking account"
  Assets:US:BofA:Checking                         3244.52 USD
  Equity:Opening-Balances                        -3244.52 USD

2020-01-02 balance Assets:US:BofA:Checking        3244.52 USD

2020-01-04 * "BANK FEES" "Monthly bank fee"
  Assets:US:BofA:Checking                           -4.00 USD
  Expenses:Financial:Fees                            4.00 USD

2020-01-06 * "RiverBank Properties" "Paying the rent"
  Assets:US:BofA:Checking                        -2400.00 USD
  Expenses:Home:Rent                              2400.00 USD

2020-01-09 * "EDISON POWER" ""
  Assets:US:BofA:Checking                          -65.00 USD
  Expenses:Home:Electricity                         65.00 USD

2020-01-20 * "Verizon Wireless" ""
  Assets:US:BofA:Checking                          -73.05 USD
  Expenses:Home:Phone                               73.05 USD

2020-01-23 * "Wine-Tarner Cable" ""
  Assets:US:BofA:Checking                          -80.01 USD
  Expenses:Home:Internet                            80.01 USD

2020-01-28 balance Assets:US:BofA:Checking        3245.88 USD

2020-02-04 * "BANK FEES" "Monthly bank fee"
  Assets:US:BofA:Checking                           -4.00 USD
  Expenses:Financial:Fees                            4.00 USD

2020-02-05 * "RiverBank Properties" "Paying the rent"
  Assets:US:BofA:Checking                        -2400.00 USD
  Expenses:Home:Rent                              2400.00 USD

2020-02-09 * "EDISON POWER" ""
  Assets:US:BofA:Checking                          -65.00 USD
  Expenses:Home:Electricity                         65.00 USD

2020-02-20 * "Verizon Wireless" ""
  Assets:US:BofA:Checking                          -58.24 USD
  Expenses:Home:Phone                               58.24 USD

2020-02-23 * "Wine-Tarner Cable" ""
  Assets:US:BofA:Checking                          -80.11 USD
  Expenses:Home:Internet                            80.11 USD

2020-02-24 balance Assets:US:BofA:Checking        2761.22 USD

2020-03-04 * "BANK FEES" "Monthly bank fee"
  Assets:US:BofA:Checking                           -4.00 USD
  Expenses:Financial:Fees                            4.00 USD

2020-03-06 * "RiverBank Properties" "Paying the rent"
  Assets:US:BofA:Checking                        -2400.00 USD
  Expenses:Home:Rent                              2400.00 USD

2020-03-08 * "EDISON POWER" ""
  Assets:US:BofA:Checking                          -65.00 USD
  Expenses:Home:Electricity                         65.00 USD

2020-03-17 balance Assets:US:BofA:Checking        2354.48 USD

2020-03-20 * "Verizon Wireless" ""
  Assets:US:BofA:Checking                          -72.44 USD
  Expenses:Home:Phone                               72.44 USD

2020-03-23 * "Wine-Tarner Cable" ""
  Assets:US:BofA:Checking                          -79.95 USD
  Expenses:Home:Internet                            79.95 USD

2020-04-04 * "BANK FEES" "Monthly bank fee"
  Assets:US:BofA:Checking                           -4.00 USD
  Expenses:Financial:Fees                            4.00 USD

2020-04-04 * "RiverBank Properties" "Paying the rent"
  Assets:US:BofA:Checking                        -2400.00 USD
  Expenses:Home:Rent                              2400.00 USD

2020-04-07 balance Assets:US:BofA:Checking        1148.69 USD

2020-04-08 * "EDISON POWER" ""
  Assets:US:BofA:Checking                          -65.00 USD
  Expenses:Home:Electricity                         65.00 USD

2020-04-20 * "Verizon Wireless" ""
  Assets:US:BofA:Checking                          -50.46 USD
  Expenses:Home:Phone                               50.46 USD

2020-04-23 * "Wine-Tarner Cable" ""
  Assets:US:BofA:Checking                          -79.75 USD
  Expenses:Home:Internet                            79.75 USD

2020-04-30 balance Assets:US:BofA:Checking        2869.80 USD

2020-05-04 * "BANK FEES" "Monthly bank fee"
  Assets:US:BofA:Checking                           -4.00 USD
  Expenses:Financial:Fees                            4.00 USD

2020-05-04 * "RiverBank Properties" "Paying the rent"
  Assets:US:BofA:Checking                        -2400.00 USD
  Expenses:Home:Rent                              2400.00 USD

2020-05-08 * "EDISON POWER" ""
  Assets:US:BofA:Checking                          -65.00 USD
  Expenses:Home:Electricity                         65.00 USD

2020-05-19 * "Verizon Wireless" ""
  Assets:US:BofA:Checking                          -52.40 USD
  Expenses:Home:Phone                               52.40 USD

2020-05-21 * "Wine-Tarner Cable" ""
  Assets:US:BofA:Checking                          -80.12 USD
  Expenses:Home:Internet                            80.12 USD

2020-05-28 balance Assets:US:BofA:Checking        2400.00 USD

2020-06-03 * "RiverBank Properties" "Paying the rent"
  Assets:US:BofA:Checking                        -2400.00 USD
  Expenses:Home:Rent                              2400.00 USD

2020-06-04 * "BANK FEES" "Monthly bank fee"
  Assets:US:BofA:Checking                           -4.00 USD
  Expenses:Financial:Fees                            4.00 USD

2020-06-09 * "EDISON POWER" ""
  Assets:US:BofA:Checking                          -65.00 USD
  Expenses:Home:Electricity                         65.00 USD

2020-06-20 * "Verizon Wireless" ""
  Assets:US:BofA:Checking                          -66.96 USD
  Expenses:Home:Phone                               66.96 USD

2020-06-23 * "Wine-Tarner Cable" ""
  Assets:US:BofA:Checking                          -80.16 USD
  Expenses:Home:Internet                            80.16 USD

2020-06-24 balance Assets:US:BofA:Checking        1859.14 USD

2020-07-04 * "BANK FEES" "Monthly bank fee"
  Assets:US:BofA:Checking                           -4.00 USD
  Expenses:Financial:Fees                            4.00 USD

2020-07-05 * "RiverBank Properties" "Paying the rent"
  Assets:US:BofA:Checking                        -2400.00 USD
  Expenses:Home:Rent                              2400.00 USD

2020-07-08 * "EDISON POWER" ""
  Assets:US:BofA:Checking                          -65.00 USD
  Expenses:Home:Electricity                         65.00 USD

2020-07-15 balance Assets:US:BofA:Checking          76.73 USD

2020-07-20 * "Verizon Wireless" ""
  Assets:US:BofA:Checking                          -59.94 USD
  Expenses:Home:Phone                               59.94 USD

2020-07-23 * "Wine-Tarner Cable" ""
  Assets:US:BofA:Checking                          -79.88 USD
  Expenses:Home:Internet                            79.88 USD

2020-08-04 * "BANK FEES" "Monthly bank fee"
  Assets:US:BofA:Checking                           -4.00 USD
  Expenses:Financial:Fees                            4.00 USD

2020-08-06 * "RiverBank Properties" "Paying the rent"
  Assets:US:BofA:Checking                        -2400.00 USD
  Expenses:Home:Rent                              2400.00 USD

2020-08-08 balance Assets:US:BofA:Checking         934.11 USD

2020-08-08 * "EDISON POWER" ""
  Assets:US:BofA:Checking                          -65.00 USD
  Expenses:Home:Electricity                         65.00 USD

2020-08-19 * "Verizon Wireless" ""
  Assets:US:BofA:Checking                          -55.17 USD
  Expenses:Home:Phone                               55.17 USD

2020-08-21 * "Wine-Tarner Cable" ""
  Assets:US:BofA:Checking                          -80.21 USD
  Expenses:Home:Internet                            80.21 USD

2020-09-03 balance Assets:US:BofA:Checking        5306.06 USD

2020-09-04 * "BANK FEES" "Monthly bank fee"
  Assets:US:BofA:Checking                           -4.00 USD
  Expenses:Financial:Fees                            4.00 USD

2020-09-04 * "RiverBank Properties" "Paying the rent"
  Assets:US:BofA:Checking                        -2400.00 USD
  Expenses:Home:Rent                              2400.00 USD

2020-09-09 * "EDISON POWER" ""
  Assets:US:BofA:Checking                          -65.00 USD
  Expenses:Home:Electricity                         65.00 USD

2020-09-11 * "Transfering accumulated savings to other account"
  Assets:US:BofA:Checking                           -4000 USD
  Assets:US:ETrade:Cash                              4000 USD

2020-09-20 * "Verizon Wireless" ""
  Assets:US:BofA:Checking                          -82.14 USD
  Expenses:Home:Phone                               82.14 USD

2020-09-21 * "Wine-Tarner Cable" ""
  Assets:US:BofA:Checking                          -79.95 USD
  Expenses:Home:Internet                            79.95 USD

2020-10-01 balance Assets:US:BofA:Checking        3014.32 USD

2020-10-03 * "RiverBank Properties" "Paying the rent"
  Assets:US:BofA:Checking                        -2400.00 USD
  Expenses:Home:Rent                              2400.00 USD

2020-10-04 * "BANK FEES" "Monthly bank fee"
  Assets:US:BofA:Checking                           -4.00 USD
  Expenses:Financial:Fees                            4.00 USD

2020-10-08 * "EDISON POWER" ""
  Assets:US:BofA:Checking                          -65.00 USD
  Expenses:Home:Electricity                         65.00 USD

2020-10-20 * "Verizon Wireless" ""
  Assets:US:BofA:Checking                          -78.62 USD
  Expenses:Home:Phone                               78.62 USD

2020-10-22 * "Wine-Tarner Cable" ""
  Assets:US:BofA:Checking                          -80.04 USD
  Expenses:Home:Internet                            80.04 USD

2020-10-23 * "Transfering accumulated savings to other account"
  Assets:US:BofA:Checking                           -4000 USD
  Assets:US:ETrade:Cash                              4000 USD

2020-10-31 balance Assets:US:BofA:Checking         819.53 USD

2020-11-04 * "BANK FEES" "Monthly bank fee"
  Assets:US:BofA:Checking                           -4.00 USD
  Expenses:Financial:Fees                            4.00 USD

2020-11-05 * "RiverBank Properties" "Paying the rent"
  Assets:US:BofA:Checking                        -2400.00 USD
  Expenses:Home:Rent                              2400.00 USD

2020-11-08 * "EDISON POWER" ""
  Assets:US:BofA:Checking                          -65.00 USD
  Expenses:Home:Electricity                         65.00 USD

2020-11-20 * "Verizon Wireless" ""
  Assets:US:BofA:Checking                          -61.30 USD
  Expenses:Home:Phone                               61.30 USD

2020-11-21 balance Assets:US:BofA:Checking        2708.40 USD

2020-11-23 * "Wine-Tarner Cable" ""
  Assets:US:BofA:Checking                          -79.95 USD
  Expenses:Home:Internet                            79.95 USD

2020-12-04 * "BANK FEES" "Monthly bank fee"
  Assets:US:BofA:Checking                           -4.00 USD
  Expenses:Financial:Fees                            4.00 USD

2020-12-06 * "RiverBank Properties" "Paying the rent"
  Assets:US:BofA:Checking                        -2400.00 USD
  Expenses:Home:Rent                              2400.00 USD

2020-12-09 * "EDISON POWER" ""
  Assets:US:BofA:Checking                          -65.00 USD
  Expenses:Home:Electricity                         65.00 USD

2020-12-18 * "Verizon Wireless" ""
  Assets:US:BofA:Checking                          -60.34 USD
  Expenses:Home:Phone                               60.34 USD

2020-12-21 balance Assets:US:BofA:Checking        5010.15 USD

2020-12-23 * "Wine-Tarner Cable" ""
  Assets:US:BofA:Checking                          -79.87 USD
  Expenses:Home:Internet                            79.87 USD

2021-01-03 * "RiverBank Properties" "Paying the rent"
  Assets:US:BofA:Checking                        -2400.00 USD
  Expenses:Home:Rent                              2400.00 USD

2021-01-04 * "BANK FEES" "Monthly bank fee"
  Assets:US:BofA:Checking                           -4.00 USD
  Expenses:Financial:Fees                            4.00 USD

2021-01-08 * "EDISON POWER" ""
  Assets:US:BofA:Checking                          -65.00 USD
  Expenses:Home:Electricity                         65.00 USD

2021-01-12 balance Assets:US:BofA:Checking        4808.40 USD

2021-01-18 * "Verizon Wireless" ""
  Assets:US:BofA:Checking                          -65.31 USD
  Expenses:Home:Phone                               65.31 USD

2021-01-23 * "Wine-Tarner Cable" ""
  Assets:US:BofA:Checking                          -79.99 USD
  Expenses:Home:Internet                            79.99 USD

2021-02-03 * "RiverBank Properties" "Paying the rent"
  Assets:US:BofA:Checking                        -2400.00 USD
  Expenses:Home:Rent                              2400.00 USD

2021-02-04 * "BANK FEES" "Monthly bank fee"
  Assets:US:BofA:Checking                           -4.00 USD
  Expenses:Financial:Fees                            4.00 USD

2021-02-06 balance Assets:US:BofA:Checking        4960.30 USD

2021-02-08 * "EDISON POWER" ""
  Assets:US:BofA:Checking                          -65.00 USD
  Expenses:Home:Electricity                         65.00 USD

2021-02-19 * "Verizon Wireless" ""
  Assets:US:BofA:Checking                          -69.28 USD
  Expenses:Home:Phone                               69.28 USD

2021-02-21 * "Wine-Tarner Cable" ""
  Assets:US:BofA:Checking                          -80.04 USD
  Expenses:Home:Internet                            80.04 USD

2021-03-04 * "BANK FEES" "Monthly bank fee"
  Assets:US:BofA:Checking                           -4.00 USD
  Expenses:Financial:Fees                            4.00 USD

2021-03-05 balance Assets:US:BofA:Checking        6780.83 USD

2021-03-06 * "RiverBank Properties" "Paying the rent"
  Assets:US:BofA:Checking                        -2400.00 USD
  Expenses:Home:Rent                              2400.00 USD

2021-03-09 * "EDISON POWER" ""
  Assets:US:BofA:Checking                          -65.00 USD
  Expenses:Home:Electricity                         65.00 USD

2021-03-19 * "Verizon Wireless" ""
  Assets:US:BofA:Checking                          -65.51 USD
  Expenses:Home:Phone                               65.51 USD

2021-03-21 * "Wine-Tarner Cable" ""
  Assets:US:BofA:Checking                          -79.99 USD
  Expenses:Home:Internet                            79.99 USD

2021-03-31 balance Assets:US:BofA:Checking        5274.64 USD

2021-04-03 * "RiverBank Properties" "Paying the rent"
  Assets:US:BofA:Checking                        -2400.00 USD
  Expenses:Home:Rent                              2400.00 USD

2021-04-04 * "BANK FEES" "Monthly bank fee"
  Assets:US:BofA:Checking                           -4.00 USD
  Expenses:Financial:Fees                            4.00 USD

2021-04-09 * "EDISON POWER" ""
  Assets:US:BofA:Checking                          -65.00 USD
  Expenses:Home:Electricity                         65.00 USD

2021-04-19 * "Verizon Wireless" ""
  Assets:US:BofA:Checking                          -62.52 USD
  Expenses:Home:Phone                               62.52 USD

2021-04-22 * "Wine-Tarner Cable" ""
  Assets:US:BofA:Checking                          -79.90 USD
  Expenses:Home:Internet                            79.90 USD

2021-04-29 balance Assets:US:BofA:Checking        4740.70 USD

2021-05-04 * "BANK FEES" "Monthly bank fee"
  Assets:US:BofA:Checking                           -4.00 USD
  Expenses:Financial:Fees                            4.00 USD

2021-05-04 * "RiverBank Properties" "Paying the rent"
  Assets:US:BofA:Checking                        -2400.00 USD
  Expenses:Home:Rent                              2400.00 USD

2021-05-09 * "EDISON POWER" ""
  Assets:US:BofA:Checking                          -65.00 USD
  Expenses:Home:Electricity                         65.00 USD

2021-05-18 * "Verizon Wireless" ""
  Assets:US:BofA:Checking                          -56.34 USD
  Expenses:Home:Phone                               56.34 USD

2021-05-22 * "Wine-Tarner Cable" ""
  Assets:US:BofA:Checking                          -79.97 USD
  Expenses:Home:Internet                            79.97 USD

2021-05-25 balance Assets:US:BofA:Checking        4248.50 USD

2021-06-03 * "RiverBank Properties" "Paying the rent"
  Assets:US:BofA:Checking                        -2400.00 USD
  Expenses:Home:Rent                              2400.00 USD

2021-06-04 * "BANK FEES" "Monthly bank fee"
  Assets:US:BofA:Checking                           -4.00 USD
  Expenses:Financial:Fees                            4.00 USD

2021-06-08 * "EDISON POWER" ""
  Assets:US:BofA:Checking                          -65.00 USD
  Expenses:Home:Electricity                         65.00 USD

2021-06-18 balance Assets:US:BofA:Checking        3889.65 USD

2021-06-19 * "Verizon Wireless" ""
  Assets:US:BofA:Checking                          -62.87 USD
  Expenses:Home:Phone                               62.87 USD

2021-06-22 * "Wine-Tarner Cable" ""
  Assets:US:BofA:Checking                          -80.34 USD
  Expenses:Home:Internet                            80.34 USD

2021-07-03 * "RiverBank Properties" "Paying the rent"
  Assets:US:BofA:Checking                        -2400.00 USD
  Expenses:Home:Rent                              2400.00 USD

2021-07-04 * "BANK FEES" "Monthly bank fee"
  Assets:US:BofA:Checking                           -4.00 USD
  Expenses:Financial:Fees                            4.00 USD

2021-07-08 * "EDISON POWER" ""
  Assets:US:BofA:Checking                          -65.00 USD
  Expenses:Home:Electricity                         65.00 USD

2021-07-12 balance Assets:US:BofA:Checking        1910.71 USD

2021-07-19 * "Verizon Wireless" ""
  Assets:US:BofA:Checking                          -57.35 USD
  Expenses:Home:Phone                               57.35 USD

2021-07-21 * "Wine-Tarner Cable" ""
  Assets:US:BofA:Checking                          -80.01 USD
  Expenses:Home:Internet                            80.01 USD

2021-08-04 * "BANK FEES" "Monthly bank fee"
  Assets:US:BofA:Checking                           -4.00 USD
  Expenses:Financial:Fees                            4.00 USD

2021-08-04 * "RiverBank Properties" "Paying the rent"
  Assets:US:BofA:Checking                        -2400.00 USD
  Expenses:Home:Rent                              2400.00 USD

2021-08-06 balance Assets:US:BofA:Checking        2070.55 USD

2021-08-08 * "EDISON POWER" ""
  Assets:US:BofA:Checking                          -65.00 USD
  Expenses:Home:Electricity                         65.00 USD

2021-08-19 * "Verizon Wireless" ""
  Assets:US:BofA:Checking                          -54.03 USD
  Expenses:Home:Phone                               54.03 USD

2021-08-23 * "Wine-Tarner Cable" ""
  Assets:US:BofA:Checking                          -79.90 USD
  Expenses:Home:Internet                            79.90 USD

2021-09-01 balance Assets:US:BofA:Checking        5710.97 USD

2021-09-04 * "BANK FEES" "Monthly bank fee"
  Assets:US:BofA:Checking                           -4.00 USD
  Expenses:Financial:Fees                            4.00 USD

2021-09-05 * "RiverBank Properties" "Paying the rent"
  Assets:US:BofA:Checking                        -2400.00 USD
  Expenses:Home:Rent                              2400.00 USD

2021-09-09 * "EDISON POWER" ""
  Assets:US:BofA:Checking                          -65.00 USD
  Expenses:Home:Electricity                         65.00 USD

2021-09-10 * "Transfering accumulated savings to other account"
  Assets:US:BofA:Checking                           -5000 USD
  Assets:US:ETrade:Cash                              5000 USD

2021-09-19 * "Verizon Wireless" ""
  Assets:US:BofA:Checking                          -50.78 USD
  Expenses:Home:Phone                               50.78 USD

2021-09-21 * "Wine-Tarner Cable" ""
  Assets:US:BofA:Checking                          -79.93 USD
  Expenses:Home:Internet                            79.93 USD

2021-09-22 balance Assets:US:BofA:Checking         313.57 USD

2021-10-04 * "BANK FEES" "Monthly bank fee"
  Assets:US:BofA:Checking                           -4.00 USD
  Expenses:Financial:Fees                            4.00 USD

2021-10-06 * "RiverBank Properties" "Paying the rent"
  Assets:US:BofA:Checking                        -2400.00 USD
  Expenses:Home:Rent                              2400.00 USD

2021-10-08 * "EDISON POWER" ""
  Assets:US:BofA:Checking                          -65.00 USD
  Expenses:Home:Electricity                         65.00 USD

2021-10-18 * "Verizon Wireless" ""
  Assets:US:BofA:Checking                          -66.83 USD
  Expenses:Home:Phone                               66.83 USD

2021-10-22 balance Assets:US:BofA:Checking        4808.29 USD

2021-10-22 * "Wine-Tarner Cable" ""
  Assets:US:BofA:Checking                          -80.03 USD
  Expenses:Home:Internet                            80.03 USD

2021-11-03 * "RiverBank Properties" "Paying the rent"
  Assets:US:BofA:Checking                        -2400.00 USD
  Expenses:Home:Rent                              2400.00 USD

2021-11-04 * "BANK FEES" "Monthly bank fee"
  Assets:US:BofA:Checking                           -4.00 USD
  Expenses:Financial:Fees                            4.00 USD

2021-11-05 * "Transfering accumulated savings to other account"
  Assets:US:BofA:Checking                           -3500 USD
  Assets:US:ETrade:Cash                              3500 USD

2021-11-08 * "EDISON POWER" ""
  Assets:US:BofA:Checking                          -65.00 USD
  Expenses:Home:Electricity                         65.00 USD

2021-11-16 balance Assets:US:BofA:Checking         685.66 USD

2021-11-18 * "Verizon Wireless" ""
  Assets:US:BofA:Checking                          -67.12 USD
  Expenses:Home:Phone                               67.12 USD

2021-11-21 * "Wine-Tarner Cable" ""
  Assets:US:BofA:Checking                          -79.96 USD
  Expenses:Home:Internet                            79.96 USD

2021-12-04 * "BANK FEES" "Monthly bank fee"
  Assets:US:BofA:Checking                           -4.00 USD
  Expenses:Financial:Fees                            4.00 USD

2021-12-06 * "RiverBank Properties" "Paying the rent"
  Assets:US:BofA:Checking                        -2400.00 USD
  Expenses:Home:Rent                              2400.00 USD

2021-12-09 * "EDISON POWER" ""
  Assets:US:BofA:Checking                          -65.00 USD
  Expenses:Home:Electricity                         65.00 USD

2021-12-10 balance Assets:US:BofA:Checking        2405.60 USD

2021-12-17 * "Transfering accumulated savings to other account"
  Assets:US:BofA:Checking                           -4500 USD
  Assets:US:ETrade:Cash                              4500 USD

2021-12-19 * "Verizon Wireless" ""
  Assets:US:BofA:Checking                          -66.59 USD
  Expenses:Home:Phone                               66.59 USD

2021-12-21 * "Wine-Tarner Cable" ""
  Assets:US:BofA:Checking                          -79.92 USD
  Expenses:Home:Internet                            79.92 USD

2022-01-04 balance Assets:US:BofA:Checking        3180.29 USD

2022-01-04 * "BANK FEES" "Monthly bank fee"
  Assets:US:BofA:Checking                           -4.00 USD
  Expenses:Financial:Fees                            4.00 USD

2022-01-14 * "Transfering accumulated savings to other account"
  Assets:US:BofA:Checking                           -4000 USD
  Assets:US:ETrade:Cash                              4000 USD



* Credit-Cards

1980-05-12 open Liabilities:US:Chase:Slate                      USD

2020-01-06 * "Cafe Modagor" "Eating out alone"
  Liabilities:US:Chase:Slate                       -32.34 USD
  Expenses:Food:Restaurant                          32.34 USD

2020-01-09 * "Jewel of Morroco" "Eating out after work"
  Liabilities:US:Chase:Slate                       -18.09 USD
  Expenses:Food:Restaurant                          18.09 USD

2020-01-10 * "Kin Soy" "Eating out with Julie"
  Liabilities:US:Chase:Slate                       -13.40 USD
  Expenses:Food:Restaurant                          13.40 USD

2020-01-11 * "Chase:Slate" "Paying off credit card"
  Liabilities:US:Chase:Slate                        77.78 USD
  Assets:US:BofA:Checking                          -77.78 USD

2020-01-15 * "Rose Flower" "Eating out with Bill"
  Liabilities:US:Chase:Slate                       -13.95 USD
  Expenses:Food:Restaurant                          13.95 USD

2020-01-16 * "Uncle Boons" "Eating out "
  Liabilities:US:Chase:Slate                       -20.06 USD
  Expenses:Food:Restaurant                          20.06 USD

2020-01-17 * "Rose Flower" "Eating out "
  Liabilities:US:Chase:Slate                       -37.96 USD
  Expenses:Food:Restaurant                          37.96 USD

2020-01-19 * "Farmer Fresh" "Buying groceries"
  Liabilities:US:Chase:Slate                       -68.06 USD
  Expenses:Food:Groceries                           68.06 USD

2020-01-20 * "Chichipotle" "Eating out with Bill"
  Liabilities:US:Chase:Slate                       -37.62 USD
  Expenses:Food:Restaurant                          37.62 USD

2020-01-21 balance Liabilities:US:Chase:Slate     -163.70 USD

2020-01-24 * "Chichipotle" "Eating out with work buddies"
  Liabilities:US:Chase:Slate                       -35.23 USD
  Expenses:Food:Restaurant                          35.23 USD

2020-01-27 * "China Garden" "Eating out after work"
  Liabilities:US:Chase:Slate                       -29.88 USD
  Expenses:Food:Restaurant                          29.88 USD

2020-01-29 * "Rose Flower" "Eating out with Julie"
  Liabilities:US:Chase:Slate                       -45.37 USD
  Expenses:Food:Restaurant                          45.37 USD

2020-01-31 * "Metro Transport Authority" "Tram tickets"
  Liabilities:US:Chase:Slate                      -120.00 USD
  Expenses:Transport:Tram                          120.00 USD

2020-02-02 * "Kin Soy" "Eating out with Natasha"
  Liabilities:US:Chase:Slate                       -21.38 USD
  Expenses:Food:Restaurant                          21.38 USD

2020-02-03 * "Rose Flower" "Eating out with work buddies"
  Liabilities:US:Chase:Slate                       -30.67 USD
  Expenses:Food:Restaurant                          30.67 USD

2020-02-04 * "Onion Market" "Buying groceries"
  Liabilities:US:Chase:Slate                       -66.25 USD
  Expenses:Food:Groceries                           66.25 USD

2020-02-08 * "Uncle Boons" "Eating out with Bill"
  Liabilities:US:Chase:Slate                       -23.42 USD
  Expenses:Food:Restaurant                          23.42 USD

2020-02-10 * "Chase:Slate" "Paying off credit card"
  Liabilities:US:Chase:Slate                       578.51 USD
  Assets:US:BofA:Checking                         -578.51 USD

2020-02-12 * "Uncle Boons" "Eating out "
  Liabilities:US:Chase:Slate                       -42.61 USD
  Expenses:Food:Restaurant                          42.61 USD

2020-02-16 * "China Garden" "Eating out with Julie"
  Liabilities:US:Chase:Slate                       -19.63 USD
  Expenses:Food:Restaurant                          19.63 USD

2020-02-16 * "Corner Deli" "Buying groceries"
  Liabilities:US:Chase:Slate                       -69.19 USD
  Expenses:Food:Groceries                           69.19 USD

2020-02-17 balance Liabilities:US:Chase:Slate      -88.82 USD

2020-02-20 * "China Garden" "Eating out with Natasha"
  Liabilities:US:Chase:Slate                       -45.40 USD
  Expenses:Food:Restaurant                          45.40 USD

2020-02-22 * "Onion Market" "Buying groceries"
  Liabilities:US:Chase:Slate                       -82.89 USD
  Expenses:Food:Groceries                           82.89 USD

2020-02-23 * "China Garden" "Eating out with Julie"
  Liabilities:US:Chase:Slate                       -21.59 USD
  Expenses:Food:Restaurant                          21.59 USD

2020-02-26 * "China Garden" "Eating out alone"
  Liabilities:US:Chase:Slate                       -20.30 USD
  Expenses:Food:Restaurant                          20.30 USD

2020-02-28 * "Metro Transport Authority" "Tram tickets"
  Liabilities:US:Chase:Slate                      -120.00 USD
  Expenses:Transport:Tram                          120.00 USD

2020-02-29 * "Cafe Modagor" "Eating out "
  Liabilities:US:Chase:Slate                       -18.97 USD
  Expenses:Food:Restaurant                          18.97 USD

2020-03-03 * "Onion Market" "Buying groceries"
  Liabilities:US:Chase:Slate                       -57.26 USD
  Expenses:Food:Groceries                           57.26 USD

2020-03-05 * "Cafe Modagor" "Eating out with Joe"
  Liabilities:US:Chase:Slate                       -48.62 USD
  Expenses:Food:Restaurant                          48.62 USD

2020-03-06 * "Chichipotle" "Eating out after work"
  Liabilities:US:Chase:Slate                       -24.19 USD
  Expenses:Food:Restaurant                          24.19 USD

2020-03-08 * "Farmer Fresh" "Buying groceries"
  Liabilities:US:Chase:Slate                       -71.66 USD
  Expenses:Food:Groceries                           71.66 USD

2020-03-10 * "Chase:Slate" "Paying off credit card"
  Liabilities:US:Chase:Slate                       638.94 USD
  Assets:US:BofA:Checking                         -638.94 USD

2020-03-11 * "Uncle Boons" "Eating out alone"
  Liabilities:US:Chase:Slate                       -39.24 USD
  Expenses:Food:Restaurant                          39.24 USD

2020-03-13 balance Liabilities:US:Chase:Slate           0 USD

2020-03-13 * "Farmer Fresh" "Buying groceries"
  Liabilities:US:Chase:Slate                      -101.63 USD
  Expenses:Food:Groceries                          101.63 USD

2020-03-15 * "Kin Soy" "Eating out with Natasha"
  Liabilities:US:Chase:Slate                       -22.34 USD
  Expenses:Food:Restaurant                          22.34 USD

2020-03-16 * "Chichipotle" "Eating out after work"
  Liabilities:US:Chase:Slate                       -35.75 USD
  Expenses:Food:Restaurant                          35.75 USD

2020-03-19 * "Uncle Boons" "Eating out after work"
  Liabilities:US:Chase:Slate                       -14.71 USD
  Expenses:Food:Restaurant                          14.71 USD

2020-03-23 * "Jewel of Morroco" "Eating out with Natasha"
  Liabilities:US:Chase:Slate                       -23.16 USD
  Expenses:Food:Restaurant                          23.16 USD

2020-03-26 * "Metro Transport Authority" "Tram tickets"
  Liabilities:US:Chase:Slate                      -120.00 USD
  Expenses:Transport:Tram                          120.00 USD

2020-03-28 * "Cafe Modagor" "Eating out with Joe"
  Liabilities:US:Chase:Slate                       -26.13 USD
  Expenses:Food:Restaurant                          26.13 USD

2020-03-29 * "Goba Goba" "Eating out with Bill"
  Liabilities:US:Chase:Slate                       -39.83 USD
  Expenses:Food:Restaurant                          39.83 USD

2020-04-01 * "China Garden" "Eating out with Bill"
  Liabilities:US:Chase:Slate                       -45.67 USD
  Expenses:Food:Restaurant                          45.67 USD

2020-04-01 * "Corner Deli" "Buying groceries"
  Liabilities:US:Chase:Slate                      -127.52 USD
  Expenses:Food:Groceries                          127.52 USD

2020-04-03 * "Kin Soy" "Eating out with work buddies"
  Liabilities:US:Chase:Slate                       -38.06 USD
  Expenses:Food:Restaurant                          38.06 USD

2020-04-04 * "Uncle Boons" "Eating out with work buddies"
  Liabilities:US:Chase:Slate                       -57.61 USD
  Expenses:Food:Restaurant                          57.61 USD

2020-04-07 * "Chichipotle" "Eating out alone"
  Liabilities:US:Chase:Slate                       -27.95 USD
  Expenses:Food:Restaurant                          27.95 USD

2020-04-08 * "Chichipotle" "Eating out with Joe"
  Liabilities:US:Chase:Slate                       -50.97 USD
  Expenses:Food:Restaurant                          50.97 USD

2020-04-09 balance Liabilities:US:Chase:Slate     -731.33 USD

2020-04-11 * "Rose Flower" "Eating out "
  Liabilities:US:Chase:Slate                       -53.55 USD
  Expenses:Food:Restaurant                          53.55 USD

2020-04-11 * "Chase:Slate" "Paying off credit card"
  Liabilities:US:Chase:Slate                       784.88 USD
  Assets:US:BofA:Checking                         -784.88 USD

2020-04-14 * "Rose Flower" "Eating out with Julie"
  Liabilities:US:Chase:Slate                       -45.08 USD
  Expenses:Food:Restaurant                          45.08 USD

2020-04-18 * "China Garden" "Eating out with Julie"
  Liabilities:US:Chase:Slate                       -11.84 USD
  Expenses:Food:Restaurant                          11.84 USD

2020-04-19 * "Uncle Boons" "Eating out with work buddies"
  Liabilities:US:Chase:Slate                       -37.22 USD
  Expenses:Food:Restaurant                          37.22 USD

2020-04-19 * "Farmer Fresh" "Buying groceries"
  Liabilities:US:Chase:Slate                       -52.38 USD
  Expenses:Food:Groceries                           52.38 USD

2020-04-22 * "Cafe Modagor" "Eating out alone"
  Liabilities:US:Chase:Slate                       -54.85 USD
  Expenses:Food:Restaurant                          54.85 USD

2020-04-26 * "Cafe Modagor" "Eating out "
  Liabilities:US:Chase:Slate                       -33.96 USD
  Expenses:Food:Restaurant                          33.96 USD

2020-04-27 * "Metro Transport Authority" "Tram tickets"
  Liabilities:US:Chase:Slate                      -120.00 USD
  Expenses:Transport:Tram                          120.00 USD

2020-04-28 * "Corner Deli" "Buying groceries"
  Liabilities:US:Chase:Slate                       -77.66 USD
  Expenses:Food:Groceries                           77.66 USD

2020-04-29 * "Cafe Modagor" "Eating out after work"
  Liabilities:US:Chase:Slate                       -29.37 USD
  Expenses:Food:Restaurant                          29.37 USD

2020-05-03 * "Uncle Boons" "Eating out alone"
  Liabilities:US:Chase:Slate                       -16.27 USD
  Expenses:Food:Restaurant                          16.27 USD

2020-05-05 * "Cafe Modagor" "Eating out with Julie"
  Liabilities:US:Chase:Slate                       -42.81 USD
  Expenses:Food:Restaurant                          42.81 USD

2020-05-07 * "China Garden" "Eating out with Natasha"
  Liabilities:US:Chase:Slate                       -20.98 USD
  Expenses:Food:Restaurant                          20.98 USD

2020-05-08 balance Liabilities:US:Chase:Slate     -542.42 USD

2020-05-10 * "Cafe Modagor" "Eating out with Natasha"
  Liabilities:US:Chase:Slate                       -27.06 USD
  Expenses:Food:Restaurant                          27.06 USD

2020-05-10 * "Chase:Slate" "Paying off credit card"
  Liabilities:US:Chase:Slate                       569.48 USD
  Assets:US:BofA:Checking                         -569.48 USD

2020-05-14 * "Chichipotle" "Eating out with Bill"
  Liabilities:US:Chase:Slate                       -12.63 USD
  Expenses:Food:Restaurant                          12.63 USD

2020-05-14 * "Onion Market" "Buying groceries"
  Liabilities:US:Chase:Slate                       -64.68 USD
  Expenses:Food:Groceries                           64.68 USD

2020-05-15 * "Kin Soy" "Eating out alone"
  Liabilities:US:Chase:Slate                       -49.29 USD
  Expenses:Food:Restaurant                          49.29 USD

2020-05-18 * "Uncle Boons" "Eating out "
  Liabilities:US:Chase:Slate                       -28.47 USD
  Expenses:Food:Restaurant                          28.47 USD

2020-05-19 * "Rose Flower" "Eating out alone"
  Liabilities:US:Chase:Slate                       -17.74 USD
  Expenses:Food:Restaurant                          17.74 USD

2020-05-23 * "China Garden" "Eating out after work"
  Liabilities:US:Chase:Slate                       -37.49 USD
  Expenses:Food:Restaurant                          37.49 USD

2020-05-25 * "Rose Flower" "Eating out with Joe"
  Liabilities:US:Chase:Slate                       -21.08 USD
  Expenses:Food:Restaurant                          21.08 USD

2020-05-28 balance Liabilities:US:Chase:Slate     -231.38 USD

2020-05-29 * "Rose Flower" "Eating out with Julie"
  Liabilities:US:Chase:Slate                       -38.95 USD
  Expenses:Food:Restaurant                          38.95 USD

2020-05-29 * "Metro Transport Authority" "Tram tickets"
  Liabilities:US:Chase:Slate                      -120.00 USD
  Expenses:Transport:Tram                          120.00 USD

2020-06-02 * "Onion Market" "Buying groceries"
  Liabilities:US:Chase:Slate                       -58.83 USD
  Expenses:Food:Groceries                           58.83 USD

2020-06-03 * "Kin Soy" "Eating out alone"
  Liabilities:US:Chase:Slate                       -28.96 USD
  Expenses:Food:Restaurant                          28.96 USD

2020-06-05 * "Kin Soy" "Eating out with Joe"
  Liabilities:US:Chase:Slate                       -21.23 USD
  Expenses:Food:Restaurant                          21.23 USD

2020-06-07 * "Good Moods Market" "Buying groceries"
  Liabilities:US:Chase:Slate                       -55.19 USD
  Expenses:Food:Groceries                           55.19 USD

2020-06-08 * "Chase:Slate" "Paying off credit card"
  Liabilities:US:Chase:Slate                       625.94 USD
  Assets:US:BofA:Checking                         -625.94 USD

2020-06-09 * "China Garden" "Eating out alone"
  Liabilities:US:Chase:Slate                       -71.40 USD
  Expenses:Food:Restaurant                          71.40 USD

2020-06-11 * "Jewel of Morroco" "Eating out after work"
  Liabilities:US:Chase:Slate                       -29.65 USD
  Expenses:Food:Restaurant                          29.65 USD

2020-06-13 * "Cafe Modagor" "Eating out with Natasha"
  Liabilities:US:Chase:Slate                       -35.64 USD
  Expenses:Food:Restaurant                          35.64 USD

2020-06-16 * "Uncle Boons" "Eating out with Joe"
  Liabilities:US:Chase:Slate                       -18.77 USD
  Expenses:Food:Restaurant                          18.77 USD

2020-06-16 * "Farmer Fresh" "Buying groceries"
  Liabilities:US:Chase:Slate                      -121.78 USD
  Expenses:Food:Groceries                          121.78 USD

2020-06-17 * "Uncle Boons" "Eating out "
  Liabilities:US:Chase:Slate                       -26.94 USD
  Expenses:Food:Restaurant                          26.94 USD

2020-06-20 * "Cafe Modagor" "Eating out with Bill"
  Liabilities:US:Chase:Slate                       -31.81 USD
  Expenses:Food:Restaurant                          31.81 USD

2020-06-21 * "Chichipotle" "Eating out with Julie"
  Liabilities:US:Chase:Slate                       -32.97 USD
  Expenses:Food:Restaurant                          32.97 USD

2020-06-24 balance Liabilities:US:Chase:Slate     -297.56 USD

2020-06-26 * "Rose Flower" "Eating out alone"
  Liabilities:US:Chase:Slate                       -30.14 USD
  Expenses:Food:Restaurant                          30.14 USD

2020-06-29 * "Metro Transport Authority" "Tram tickets"
  Liabilities:US:Chase:Slate                      -120.00 USD
  Expenses:Transport:Tram                          120.00 USD

2020-06-30 * "Good Moods Market" "Buying groceries"
  Liabilities:US:Chase:Slate                       -81.28 USD
  Expenses:Food:Groceries                           81.28 USD

2020-07-01 * "Cafe Modagor" "Eating out after work"
  Liabilities:US:Chase:Slate                       -32.93 USD
  Expenses:Food:Restaurant                          32.93 USD

2020-07-05 * "Rose Flower" "Eating out with Natasha"
  Liabilities:US:Chase:Slate                       -51.72 USD
  Expenses:Food:Restaurant                          51.72 USD

2020-07-07 * "Goba Goba" "Eating out with work buddies"
  Liabilities:US:Chase:Slate                       -50.38 USD
  Expenses:Food:Restaurant                          50.38 USD

2020-07-07 * "Chase:Slate" "Paying off credit card"
  Liabilities:US:Chase:Slate                       664.01 USD
  Assets:US:BofA:Checking                         -664.01 USD

2020-07-12 * "Cafe Modagor" "Eating out with Julie"
  Liabilities:US:Chase:Slate                       -14.32 USD
  Expenses:Food:Restaurant                          14.32 USD

2020-07-14 * "Onion Market" "Buying groceries"
  Liabilities:US:Chase:Slate                       -69.17 USD
  Expenses:Food:Groceries                           69.17 USD

2020-07-17 * "China Garden" "Eating out with Julie"
  Liabilities:US:Chase:Slate                       -35.95 USD
  Expenses:Food:Restaurant                          35.95 USD

2020-07-18 * "Chichipotle" "Eating out with Julie"
  Liabilities:US:Chase:Slate                       -29.92 USD
  Expenses:Food:Restaurant                          29.92 USD

2020-07-20 balance Liabilities:US:Chase:Slate     -149.36 USD

2020-07-22 * "Cafe Modagor" "Eating out "
  Liabilities:US:Chase:Slate                       -12.08 USD
  Expenses:Food:Restaurant                          12.08 USD

2020-07-24 * "Goba Goba" "Eating out with Natasha"
  Liabilities:US:Chase:Slate                       -22.88 USD
  Expenses:Food:Restaurant                          22.88 USD

2020-07-29 * "Goba Goba" "Eating out after work"
  Liabilities:US:Chase:Slate                       -16.96 USD
  Expenses:Food:Restaurant                          16.96 USD

2020-07-30 * "Metro Transport Authority" "Tram tickets"
  Liabilities:US:Chase:Slate                      -120.00 USD
  Expenses:Transport:Tram                          120.00 USD

2020-08-01 * "Kin Soy" "Eating out with Julie"
  Liabilities:US:Chase:Slate                       -25.69 USD
  Expenses:Food:Restaurant                          25.69 USD

2020-08-03 * "Farmer Fresh" "Buying groceries"
  Liabilities:US:Chase:Slate                      -107.17 USD
  Expenses:Food:Groceries                          107.17 USD

2020-08-06 * "Goba Goba" "Eating out with Natasha"
  Liabilities:US:Chase:Slate                       -49.03 USD
  Expenses:Food:Restaurant                          49.03 USD

2020-08-08 * "Cafe Modagor" "Eating out with Joe"
  Liabilities:US:Chase:Slate                       -25.70 USD
  Expenses:Food:Restaurant                          25.70 USD

2020-08-08 * "Farmer Fresh" "Buying groceries"
  Liabilities:US:Chase:Slate                      -149.14 USD
  Expenses:Food:Groceries                          149.14 USD

2020-08-08 * "Chase:Slate" "Paying off credit card"
  Liabilities:US:Chase:Slate                       528.87 USD
  Assets:US:BofA:Checking                         -528.87 USD

2020-08-11 * "Rose Flower" "Eating out with work buddies"
  Liabilities:US:Chase:Slate                       -40.20 USD
  Expenses:Food:Restaurant                          40.20 USD

2020-08-14 balance Liabilities:US:Chase:Slate     -189.34 USD

2020-08-15 * "Uncle Boons" "Eating out with Bill"
  Liabilities:US:Chase:Slate                       -37.92 USD
  Expenses:Food:Restaurant                          37.92 USD

2020-08-18 * "Uncle Boons" "Eating out with Joe"
  Liabilities:US:Chase:Slate                       -49.82 USD
  Expenses:Food:Restaurant                          49.82 USD

2020-08-20 * "China Garden" "Eating out with Julie"
  Liabilities:US:Chase:Slate                       -21.93 USD
  Expenses:Food:Restaurant                          21.93 USD

2020-08-22 * "Rose Flower" "Eating out with Julie"
  Liabilities:US:Chase:Slate                       -10.13 USD
  Expenses:Food:Restaurant                          10.13 USD

2020-08-23 * "Corner Deli" "Buying groceries"
  Liabilities:US:Chase:Slate                       -67.40 USD
  Expenses:Food:Groceries                           67.40 USD

2020-08-25 * "Chichipotle" "Eating out alone"
  Liabilities:US:Chase:Slate                       -15.69 USD
  Expenses:Food:Restaurant                          15.69 USD

2020-08-26 * "Cafe Modagor" "Eating out alone"
  Liabilities:US:Chase:Slate                       -26.31 USD
  Expenses:Food:Restaurant                          26.31 USD

2020-08-27 * "Metro Transport Authority" "Tram tickets"
  Liabilities:US:Chase:Slate                      -120.00 USD
  Expenses:Transport:Tram                          120.00 USD

2020-08-30 * "Chichipotle" "Eating out with Joe"
  Liabilities:US:Chase:Slate                       -40.73 USD
  Expenses:Food:Restaurant                          40.73 USD

2020-09-01 * "Cafe Modagor" "Eating out with Joe"
  Liabilities:US:Chase:Slate                       -20.44 USD
  Expenses:Food:Restaurant                          20.44 USD

2020-09-03 * "Good Moods Market" "Buying groceries"
  Liabilities:US:Chase:Slate                      -109.14 USD
  Expenses:Food:Groceries                          109.14 USD

2020-09-04 * "China Garden" "Eating out with Natasha"
  Liabilities:US:Chase:Slate                       -27.00 USD
  Expenses:Food:Restaurant                          27.00 USD

2020-09-07 * "Chase:Slate" "Paying off credit card"
  Liabilities:US:Chase:Slate                       761.85 USD
  Assets:US:BofA:Checking                         -761.85 USD

2020-09-09 * "Kin Soy" "Eating out with Joe"
  Liabilities:US:Chase:Slate                       -26.00 USD
  Expenses:Food:Restaurant                          26.00 USD

2020-09-10 * "Kin Soy" "Eating out alone"
  Liabilities:US:Chase:Slate                       -16.44 USD
  Expenses:Food:Restaurant                          16.44 USD

2020-09-10 * "Good Moods Market" "Buying groceries"
  Liabilities:US:Chase:Slate                       -93.23 USD
  Expenses:Food:Groceries                           93.23 USD

2020-09-11 balance Liabilities:US:Chase:Slate     -109.67 USD

2020-09-15 * "Uncle Boons" "Eating out with Bill"
  Liabilities:US:Chase:Slate                       -24.61 USD
  Expenses:Food:Restaurant                          24.61 USD

2020-09-17 * "Corner Deli" "Buying groceries"
  Liabilities:US:Chase:Slate                       -64.85 USD
  Expenses:Food:Groceries                           64.85 USD

2020-09-20 * "Kin Soy" "Eating out with Julie"
  Liabilities:US:Chase:Slate                       -45.94 USD
  Expenses:Food:Restaurant                          45.94 USD

2020-09-25 * "Kin Soy" "Eating out with Natasha"
  Liabilities:US:Chase:Slate                       -42.14 USD
  Expenses:Food:Restaurant                          42.14 USD

2020-09-26 * "China Garden" "Eating out with Natasha"
  Liabilities:US:Chase:Slate                       -62.48 USD
  Expenses:Food:Restaurant                          62.48 USD

2020-09-29 * "Metro Transport Authority" "Tram tickets"
  Liabilities:US:Chase:Slate                      -120.00 USD
  Expenses:Transport:Tram                          120.00 USD

2020-09-30 * "Uncle Boons" "Eating out with work buddies"
  Liabilities:US:Chase:Slate                       -28.33 USD
  Expenses:Food:Restaurant                          28.33 USD

2020-10-02 * "Cafe Modagor" "Eating out with Joe"
  Liabilities:US:Chase:Slate                       -20.59 USD
  Expenses:Food:Restaurant                          20.59 USD

2020-10-02 * "Corner Deli" "Buying groceries"
  Liabilities:US:Chase:Slate                       -83.71 USD
  Expenses:Food:Groceries                           83.71 USD

2020-10-07 * "Jewel of Morroco" "Eating out with Julie"
  Liabilities:US:Chase:Slate                       -28.91 USD
  Expenses:Food:Restaurant                          28.91 USD

2020-10-08 balance Liabilities:US:Chase:Slate     -631.23 USD

2020-10-08 * "Chase:Slate" "Paying off credit card"
  Liabilities:US:Chase:Slate                       668.33 USD
  Assets:US:BofA:Checking                         -668.33 USD

2020-10-11 * "Chichipotle" "Eating out "
  Liabilities:US:Chase:Slate                       -37.10 USD
  Expenses:Food:Restaurant                          37.10 USD

2020-10-15 * "Uncle Boons" "Eating out "
  Liabilities:US:Chase:Slate                       -20.45 USD
  Expenses:Food:Restaurant                          20.45 USD

2020-10-18 * "Uncle Boons" "Eating out with Joe"
  Liabilities:US:Chase:Slate                       -17.53 USD
  Expenses:Food:Restaurant                          17.53 USD

2020-10-21 * "Kin Soy" "Eating out with Joe"
  Liabilities:US:Chase:Slate                       -24.85 USD
  Expenses:Food:Restaurant                          24.85 USD

2020-10-21 * "Corner Deli" "Buying groceries"
  Liabilities:US:Chase:Slate                       -57.52 USD
  Expenses:Food:Groceries                           57.52 USD

2020-10-25 * "Cafe Modagor" "Eating out with Bill"
  Liabilities:US:Chase:Slate                       -30.20 USD
  Expenses:Food:Restaurant                          30.20 USD

2020-10-28 * "Cafe Modagor" "Eating out with Julie"
  Liabilities:US:Chase:Slate                       -18.42 USD
  Expenses:Food:Restaurant                          18.42 USD

2020-10-28 * "Onion Market" "Buying groceries"
  Liabilities:US:Chase:Slate                      -135.33 USD
  Expenses:Food:Groceries                          135.33 USD

2020-10-31 balance Liabilities:US:Chase:Slate     -304.30 USD

2020-10-31 * "Rose Flower" "Eating out with work buddies"
  Liabilities:US:Chase:Slate                       -67.86 USD
  Expenses:Food:Restaurant                          67.86 USD

2020-10-31 * "Metro Transport Authority" "Tram tickets"
  Liabilities:US:Chase:Slate                      -120.00 USD
  Expenses:Transport:Tram                          120.00 USD

2020-11-02 * "Farmer Fresh" "Buying groceries"
  Liabilities:US:Chase:Slate                       -70.52 USD
  Expenses:Food:Groceries                           70.52 USD

2020-11-05 * "Uncle Boons" "Eating out "
  Liabilities:US:Chase:Slate                       -20.59 USD
  Expenses:Food:Restaurant                          20.59 USD

2020-11-07 * "Kin Soy" "Eating out with Bill"
  Liabilities:US:Chase:Slate                       -23.97 USD
  Expenses:Food:Restaurant                          23.97 USD

2020-11-08 * "Kin Soy" "Eating out after work"
  Liabilities:US:Chase:Slate                       -49.91 USD
  Expenses:Food:Restaurant                          49.91 USD

2020-11-10 event "location" "New York"

2020-11-10 * "Chase:Slate" "Paying off credit card"
  Liabilities:US:Chase:Slate                       682.03 USD
  Assets:US:BofA:Checking                         -682.03 USD

2020-11-12 * "Uncle Boons" "" #trip-new-york-2020
  Liabilities:US:Chase:Slate                       -38.35 USD
  Expenses:Food:Restaurant                          38.35 USD

2020-11-12 * "La Colombe" "" #trip-new-york-2020
  Liabilities:US:Chase:Slate                        -6.63 USD
  Expenses:Food:Coffee                               6.63 USD

2020-11-13 * "Takahachi" "" #trip-new-york-2020
  Liabilities:US:Chase:Slate                       -47.39 USD
  Expenses:Food:Restaurant                          47.39 USD

2020-11-13 * "La Colombe" "" #trip-new-york-2020
  Liabilities:US:Chase:Slate                        -4.80 USD
  Expenses:Food:Coffee                               4.80 USD

2020-11-13 * "Gimme! Coffee" "" #trip-new-york-2020
  Liabilities:US:Chase:Slate                        -5.73 USD
  Expenses:Food:Coffee                               5.73 USD

2020-11-14 * "Cafe Select" "" #trip-new-york-2020
  Liabilities:US:Chase:Slate                       -24.35 USD
  Expenses:Food:Restaurant                          24.35 USD

2020-11-14 * "La Colombe" "" #trip-new-york-2020
  Liabilities:US:Chase:Slate                        -5.29 USD
  Expenses:Food:Coffee                               5.29 USD

2020-11-15 * "Uncle Boons" "" #trip-new-york-2020
  Liabilities:US:Chase:Slate                       -39.69 USD
  Expenses:Food:Restaurant                          39.69 USD

2020-11-15 * "La Colombe" "" #trip-new-york-2020
  Liabilities:US:Chase:Slate                        -6.29 USD
  Expenses:Food:Coffee                               6.29 USD

2020-11-16 * "Gimme! Coffee" "" #trip-new-york-2020
  Liabilities:US:Chase:Slate                        -6.80 USD
  Expenses:Food:Coffee                               6.80 USD

2020-11-17 * "Uncle Boons" "" #trip-new-york-2020
  Liabilities:US:Chase:Slate                       -40.20 USD
  Expenses:Food:Restaurant                          40.20 USD

2020-11-17 * "La Colombe" "" #trip-new-york-2020
  Liabilities:US:Chase:Slate                        -4.28 USD
  Expenses:Food:Coffee                               4.28 USD

2020-11-18 * "Uncle Boons" "" #trip-new-york-2020
  Liabilities:US:Chase:Slate                       -39.62 USD
  Expenses:Food:Restaurant                          39.62 USD

2020-11-18 * "Gimme! Coffee" "" #trip-new-york-2020
  Liabilities:US:Chase:Slate                        -6.61 USD
  Expenses:Food:Coffee                               6.61 USD

2020-11-18 * "Consume vacation days"
  Assets:US:Hoogle:Vacation                           -64 VACHR
  Expenses:Vacation                                    64 VACHR

2020-11-18 event "location" "New Metropolis"

2020-11-21 * "Kin Soy" "Eating out with Natasha"
  Liabilities:US:Chase:Slate                       -24.88 USD
  Expenses:Food:Restaurant                          24.88 USD

2020-11-22 * "Corner Deli" "Buying groceries"
  Liabilities:US:Chase:Slate                       -90.71 USD
  Expenses:Food:Groceries                           90.71 USD

2020-11-26 * "Cafe Modagor" "Eating out with Julie"
  Liabilities:US:Chase:Slate                       -39.39 USD
  Expenses:Food:Restaurant                          39.39 USD

2020-11-28 balance Liabilities:US:Chase:Slate     -406.13 USD

2020-11-28 * "Metro Transport Authority" "Tram tickets"
  Liabilities:US:Chase:Slate                      -120.00 USD
  Expenses:Transport:Tram                          120.00 USD

2020-11-29 * "Jewel of Morroco" "Eating out "
  Liabilities:US:Chase:Slate                       -32.33 USD
  Expenses:Food:Restaurant                          32.33 USD

2020-11-30 * "Kin Soy" "Eating out with Julie"
  Liabilities:US:Chase:Slate                       -35.43 USD
  Expenses:Food:Restaurant                          35.43 USD

2020-12-02 * "Farmer Fresh" "Buying groceries"
  Liabilities:US:Chase:Slate                       -48.40 USD
  Expenses:Food:Groceries                           48.40 USD

2020-12-05 * "Rose Flower" "Eating out with Natasha"
  Liabilities:US:Chase:Slate                       -32.91 USD
  Expenses:Food:Restaurant                          32.91 USD

2020-12-06 * "Chichipotle" "Eating out with Natasha"
  Liabilities:US:Chase:Slate                       -36.52 USD
  Expenses:Food:Restaurant                          36.52 USD

2020-12-08 * "Chichipotle" "Eating out after work"
  Liabilities:US:Chase:Slate                       -50.13 USD
  Expenses:Food:Restaurant                          50.13 USD

2020-12-09 * "Chase:Slate" "Paying off credit card"
  Liabilities:US:Chase:Slate                       510.16 USD
  Assets:US:BofA:Checking                         -510.16 USD

2020-12-13 * "Goba Goba" "Eating out with Julie"
  Liabilities:US:Chase:Slate                       -24.34 USD
  Expenses:Food:Restaurant                          24.34 USD

2020-12-17 * "Goba Goba" "Eating out with work buddies"
  Liabilities:US:Chase:Slate                       -21.48 USD
  Expenses:Food:Restaurant                          21.48 USD

2020-12-17 * "Corner Deli" "Buying groceries"
  Liabilities:US:Chase:Slate                       -76.52 USD
  Expenses:Food:Groceries                           76.52 USD

2020-12-20 * "Rose Flower" "Eating out with Bill"
  Liabilities:US:Chase:Slate                       -14.99 USD
  Expenses:Food:Restaurant                          14.99 USD

2020-12-22 * "Jewel of Morroco" "Eating out with Julie"
  Liabilities:US:Chase:Slate                       -41.16 USD
  Expenses:Food:Restaurant                          41.16 USD

2020-12-26 * "China Garden" "Eating out "
  Liabilities:US:Chase:Slate                       -16.83 USD
  Expenses:Food:Restaurant                          16.83 USD

2020-12-27 balance Liabilities:US:Chase:Slate     -447.01 USD

2020-12-29 * "Goba Goba" "Eating out with Julie"
  Liabilities:US:Chase:Slate                       -41.09 USD
  Expenses:Food:Restaurant                          41.09 USD

2020-12-30 * "Metro Transport Authority" "Tram tickets"
  Liabilities:US:Chase:Slate                      -120.00 USD
  Expenses:Transport:Tram                          120.00 USD

2020-12-31 * "Chichipotle" "Eating out with work buddies"
  Liabilities:US:Chase:Slate                       -27.07 USD
  Expenses:Food:Restaurant                          27.07 USD

2021-01-03 * "Rose Flower" "Eating out with work buddies"
  Liabilities:US:Chase:Slate                       -50.14 USD
  Expenses:Food:Restaurant                          50.14 USD

2021-01-05 * "Farmer Fresh" "Buying groceries"
  Liabilities:US:Chase:Slate                       -55.87 USD
  Expenses:Food:Groceries                           55.87 USD

2021-01-07 * "Chase:Slate" "Paying off credit card"
  Liabilities:US:Chase:Slate                       485.02 USD
  Assets:US:BofA:Checking                         -485.02 USD

2021-01-08 * "China Garden" "Eating out alone"
  Liabilities:US:Chase:Slate                       -19.87 USD
  Expenses:Food:Restaurant                          19.87 USD

2021-01-09 * "Goba Goba" "Eating out with Bill"
  Liabilities:US:Chase:Slate                       -18.51 USD
  Expenses:Food:Restaurant                          18.51 USD

2021-01-12 * "China Garden" "Eating out "
  Liabilities:US:Chase:Slate                       -26.69 USD
  Expenses:Food:Restaurant                          26.69 USD

2021-01-14 * "Rose Flower" "Eating out after work"
  Liabilities:US:Chase:Slate                       -29.74 USD
  Expenses:Food:Restaurant                          29.74 USD

2021-01-16 balance Liabilities:US:Chase:Slate     -350.97 USD

2021-01-17 * "Cafe Modagor" "Eating out "
  Liabilities:US:Chase:Slate                       -16.62 USD
  Expenses:Food:Restaurant                          16.62 USD

2021-01-18 * "Chichipotle" "Eating out with Joe"
  Liabilities:US:Chase:Slate                       -36.63 USD
  Expenses:Food:Restaurant                          36.63 USD

2021-01-21 * "Goba Goba" "Eating out with Natasha"
  Liabilities:US:Chase:Slate                       -25.56 USD
  Expenses:Food:Restaurant                          25.56 USD

2021-01-23 * "Good Moods Market" "Buying groceries"
  Liabilities:US:Chase:Slate                       -96.51 USD
  Expenses:Food:Groceries                           96.51 USD

2021-01-25 * "Rose Flower" "Eating out with work buddies"
  Liabilities:US:Chase:Slate                       -46.68 USD
  Expenses:Food:Restaurant                          46.68 USD

2021-01-27 * "Uncle Boons" "Eating out alone"
  Liabilities:US:Chase:Slate                       -22.58 USD
  Expenses:Food:Restaurant                          22.58 USD

2021-01-29 * "Kin Soy" "Eating out with work buddies"
  Liabilities:US:Chase:Slate                       -24.01 USD
  Expenses:Food:Restaurant                          24.01 USD

2021-01-29 * "Metro Transport Authority" "Tram tickets"
  Liabilities:US:Chase:Slate                      -120.00 USD
  Expenses:Transport:Tram                          120.00 USD

2021-01-30 * "Onion Market" "Buying groceries"
  Liabilities:US:Chase:Slate                       -99.75 USD
  Expenses:Food:Groceries                           99.75 USD

2021-01-31 * "Uncle Boons" "Eating out alone"
  Liabilities:US:Chase:Slate                       -46.95 USD
  Expenses:Food:Restaurant                          46.95 USD

2021-02-03 * "Uncle Boons" "Eating out with Bill"
  Liabilities:US:Chase:Slate                       -22.80 USD
  Expenses:Food:Restaurant                          22.80 USD

2021-02-07 balance Liabilities:US:Chase:Slate     -909.06 USD

2021-02-07 * "Chase:Slate" "Paying off credit card"
  Liabilities:US:Chase:Slate                       662.35 USD
  Assets:US:BofA:Checking                         -662.35 USD

2021-02-08 * "Uncle Boons" "Eating out with Bill"
  Liabilities:US:Chase:Slate                       -29.32 USD
  Expenses:Food:Restaurant                          29.32 USD

2021-02-09 * "Kin Soy" "Eating out with work buddies"
  Liabilities:US:Chase:Slate                       -44.99 USD
  Expenses:Food:Restaurant                          44.99 USD

2021-02-14 * "Kin Soy" "Eating out "
  Liabilities:US:Chase:Slate                       -69.64 USD
  Expenses:Food:Restaurant                          69.64 USD

2021-02-19 * "Cafe Modagor" "Eating out with Julie"
  Liabilities:US:Chase:Slate                       -24.17 USD
  Expenses:Food:Restaurant                          24.17 USD

2021-02-19 * "Onion Market" "Buying groceries"
  Liabilities:US:Chase:Slate                      -122.24 USD
  Expenses:Food:Groceries                          122.24 USD

2021-02-23 * "Uncle Boons" "Eating out "
  Liabilities:US:Chase:Slate                       -24.09 USD
  Expenses:Food:Restaurant                          24.09 USD

2021-02-24 * "Uncle Boons" "Eating out with Julie"
  Liabilities:US:Chase:Slate                       -51.71 USD
  Expenses:Food:Restaurant                          51.71 USD

2021-02-25 * "Metro Transport Authority" "Tram tickets"
  Liabilities:US:Chase:Slate                      -120.00 USD
  Expenses:Transport:Tram                          120.00 USD

2021-02-26 * "Chichipotle" "Eating out with Joe"
  Liabilities:US:Chase:Slate                       -38.86 USD
  Expenses:Food:Restaurant                          38.86 USD

2021-02-27 * "Kin Soy" "Eating out alone"
  Liabilities:US:Chase:Slate                       -12.52 USD
  Expenses:Food:Restaurant                          12.52 USD

2021-03-01 * "Cafe Modagor" "Eating out with work buddies"
  Liabilities:US:Chase:Slate                       -29.46 USD
  Expenses:Food:Restaurant                          29.46 USD

2021-03-06 * "Uncle Boons" "Eating out with work buddies"
  Liabilities:US:Chase:Slate                       -20.43 USD
  Expenses:Food:Restaurant                          20.43 USD

2021-03-06 * "Corner Deli" "Buying groceries"
  Liabilities:US:Chase:Slate                       -61.70 USD
  Expenses:Food:Groceries                           61.70 USD

2021-03-07 * "Chase:Slate" "Paying off credit card"
  Liabilities:US:Chase:Slate                       651.49 USD
  Assets:US:BofA:Checking                         -651.49 USD

2021-03-09 balance Liabilities:US:Chase:Slate     -244.35 USD

2021-03-09 * "Goba Goba" "Eating out after work"
  Liabilities:US:Chase:Slate                       -31.68 USD
  Expenses:Food:Restaurant                          31.68 USD

2021-03-10 * "Kin Soy" "Eating out with Bill"
  Liabilities:US:Chase:Slate                       -28.10 USD
  Expenses:Food:Restaurant                          28.10 USD

2021-03-13 * "Uncle Boons" "Eating out with Julie"
  Liabilities:US:Chase:Slate                       -18.81 USD
  Expenses:Food:Restaurant                          18.81 USD

2021-03-14 * "Chichipotle" "Eating out alone"
  Liabilities:US:Chase:Slate                       -36.84 USD
  Expenses:Food:Restaurant                          36.84 USD

2021-03-16 * "Cafe Modagor" "Eating out with work buddies"
  Liabilities:US:Chase:Slate                       -34.32 USD
  Expenses:Food:Restaurant                          34.32 USD

2021-03-20 * "China Garden" "Eating out with Joe"
  Liabilities:US:Chase:Slate                       -39.82 USD
  Expenses:Food:Restaurant                          39.82 USD

2021-03-22 * "Chichipotle" "Eating out with Joe"
  Liabilities:US:Chase:Slate                       -36.64 USD
  Expenses:Food:Restaurant                          36.64 USD

2021-03-23 * "Corner Deli" "Buying groceries"
  Liabilities:US:Chase:Slate                       -84.53 USD
  Expenses:Food:Groceries                           84.53 USD

2021-03-25 * "Metro Transport Authority" "Tram tickets"
  Liabilities:US:Chase:Slate                      -120.00 USD
  Expenses:Transport:Tram                          120.00 USD

2021-03-26 * "Kin Soy" "Eating out after work"
  Liabilities:US:Chase:Slate                       -33.80 USD
  Expenses:Food:Restaurant                          33.80 USD

2021-03-29 * "Jewel of Morroco" "Eating out after work"
  Liabilities:US:Chase:Slate                       -10.19 USD
  Expenses:Food:Restaurant                          10.19 USD

2021-03-30 balance Liabilities:US:Chase:Slate     -719.08 USD

2021-03-31 * "Farmer Fresh" "Buying groceries"
  Liabilities:US:Chase:Slate                       -80.70 USD
  Expenses:Food:Groceries                           80.70 USD

2021-04-02 * "China Garden" "Eating out with Natasha"
  Liabilities:US:Chase:Slate                       -26.63 USD
  Expenses:Food:Restaurant                          26.63 USD

2021-04-06 * "Chichipotle" "Eating out "
  Liabilities:US:Chase:Slate                       -51.32 USD
  Expenses:Food:Restaurant                          51.32 USD

2021-04-10 * "Chase:Slate" "Paying off credit card"
  Liabilities:US:Chase:Slate                       623.72 USD
  Assets:US:BofA:Checking                         -623.72 USD

2021-04-11 * "Jewel of Morroco" "Eating out after work"
  Liabilities:US:Chase:Slate                       -22.02 USD
  Expenses:Food:Restaurant                          22.02 USD

2021-04-11 * "Good Moods Market" "Buying groceries"
  Liabilities:US:Chase:Slate                       -53.82 USD
  Expenses:Food:Groceries                           53.82 USD

2021-04-12 * "Chichipotle" "Eating out with work buddies"
  Liabilities:US:Chase:Slate                       -39.56 USD
  Expenses:Food:Restaurant                          39.56 USD

2021-04-15 * "Chichipotle" "Eating out after work"
  Liabilities:US:Chase:Slate                       -33.19 USD
  Expenses:Food:Restaurant                          33.19 USD

2021-04-18 * "Farmer Fresh" "Buying groceries"
  Liabilities:US:Chase:Slate                       -63.74 USD
  Expenses:Food:Groceries                           63.74 USD

2021-04-19 * "Cafe Modagor" "Eating out with Natasha"
  Liabilities:US:Chase:Slate                       -49.47 USD
  Expenses:Food:Restaurant                          49.47 USD

2021-04-21 balance Liabilities:US:Chase:Slate     -515.81 USD

2021-04-21 * "Cafe Modagor" "Eating out after work"
  Liabilities:US:Chase:Slate                       -25.56 USD
  Expenses:Food:Restaurant                          25.56 USD

2021-04-25 * "Rose Flower" "Eating out after work"
  Liabilities:US:Chase:Slate                       -13.01 USD
  Expenses:Food:Restaurant                          13.01 USD

2021-04-25 * "Metro Transport Authority" "Tram tickets"
  Liabilities:US:Chase:Slate                      -120.00 USD
  Expenses:Transport:Tram                          120.00 USD

2021-04-28 * "Kin Soy" "Eating out with Joe"
  Liabilities:US:Chase:Slate                       -35.16 USD
  Expenses:Food:Restaurant                          35.16 USD

2021-05-01 * "China Garden" "Eating out "
  Liabilities:US:Chase:Slate                       -28.44 USD
  Expenses:Food:Restaurant                          28.44 USD

2021-05-04 * "Farmer Fresh" "Buying groceries"
  Liabilities:US:Chase:Slate                       -60.41 USD
  Expenses:Food:Groceries                           60.41 USD

2021-05-05 * "Goba Goba" "Eating out "
  Liabilities:US:Chase:Slate                       -31.15 USD
  Expenses:Food:Restaurant                          31.15 USD

2021-05-07 * "Chase:Slate" "Paying off credit card"
  Liabilities:US:Chase:Slate                       588.09 USD
  Assets:US:BofA:Checking                         -588.09 USD

2021-05-08 * "Kin Soy" "Eating out with Bill"
  Liabilities:US:Chase:Slate                       -34.58 USD
  Expenses:Food:Restaurant                          34.58 USD

2021-05-12 * "Cafe Modagor" "Eating out "
  Liabilities:US:Chase:Slate                       -30.44 USD
  Expenses:Food:Restaurant                          30.44 USD

2021-05-13 * "Uncle Boons" "Eating out with Natasha"
  Liabilities:US:Chase:Slate                       -27.73 USD
  Expenses:Food:Restaurant                          27.73 USD

2021-05-18 * "Uncle Boons" "Eating out alone"
  Liabilities:US:Chase:Slate                       -18.43 USD
  Expenses:Food:Restaurant                          18.43 USD

2021-05-19 * "Onion Market" "Buying groceries"
  Liabilities:US:Chase:Slate                       -71.49 USD
  Expenses:Food:Groceries                           71.49 USD

2021-05-20 balance Liabilities:US:Chase:Slate     -424.12 USD

2021-05-22 * "Jewel of Morroco" "Eating out "
  Liabilities:US:Chase:Slate                       -23.14 USD
  Expenses:Food:Restaurant                          23.14 USD

2021-05-23 * "Goba Goba" "Eating out with Bill"
  Liabilities:US:Chase:Slate                       -32.14 USD
  Expenses:Food:Restaurant                          32.14 USD

2021-05-23 * "Metro Transport Authority" "Tram tickets"
  Liabilities:US:Chase:Slate                      -120.00 USD
  Expenses:Transport:Tram                          120.00 USD

2021-05-26 * "China Garden" "Eating out with Bill"
  Liabilities:US:Chase:Slate                       -34.05 USD
  Expenses:Food:Restaurant                          34.05 USD

2021-05-31 * "Cafe Modagor" "Eating out after work"
  Liabilities:US:Chase:Slate                       -31.76 USD
  Expenses:Food:Restaurant                          31.76 USD

2021-06-04 * "Rose Flower" "Eating out "
  Liabilities:US:Chase:Slate                       -22.08 USD
  Expenses:Food:Restaurant                          22.08 USD

2021-06-07 * "Corner Deli" "Buying groceries"
  Liabilities:US:Chase:Slate                       -97.10 USD
  Expenses:Food:Groceries                           97.10 USD

2021-06-08 * "China Garden" "Eating out with work buddies"
  Liabilities:US:Chase:Slate                       -50.25 USD
  Expenses:Food:Restaurant                          50.25 USD

2021-06-09 * "Cafe Modagor" "Eating out with Natasha"
  Liabilities:US:Chase:Slate                       -32.44 USD
  Expenses:Food:Restaurant                          32.44 USD

2021-06-09 * "Chase:Slate" "Paying off credit card"
  Liabilities:US:Chase:Slate                       591.05 USD
  Assets:US:BofA:Checking                         -591.05 USD

2021-06-12 * "Cafe Modagor" "Eating out with Joe"
  Liabilities:US:Chase:Slate                       -35.95 USD
  Expenses:Food:Restaurant                          35.95 USD

2021-06-13 balance Liabilities:US:Chase:Slate     -311.98 USD

2021-06-13 * "Jewel of Morroco" "Eating out with Bill"
  Liabilities:US:Chase:Slate                       -77.70 USD
  Expenses:Food:Restaurant                          77.70 USD

2021-06-14 * "Rose Flower" "Eating out with Bill"
  Liabilities:US:Chase:Slate                       -34.07 USD
  Expenses:Food:Restaurant                          34.07 USD

2021-06-16 * "Kin Soy" "Eating out "
  Liabilities:US:Chase:Slate                       -44.22 USD
  Expenses:Food:Restaurant                          44.22 USD

2021-06-19 * "Uncle Boons" "Eating out alone"
  Liabilities:US:Chase:Slate                       -34.93 USD
  Expenses:Food:Restaurant                          34.93 USD

2021-06-20 * "Metro Transport Authority" "Tram tickets"
  Liabilities:US:Chase:Slate                      -120.00 USD
  Expenses:Transport:Tram                          120.00 USD

2021-06-21 * "Good Moods Market" "Buying groceries"
  Liabilities:US:Chase:Slate                       -77.09 USD
  Expenses:Food:Groceries                           77.09 USD

2021-06-24 * "Cafe Modagor" "Eating out with Natasha"
  Liabilities:US:Chase:Slate                       -23.41 USD
  Expenses:Food:Restaurant                          23.41 USD

2021-06-29 * "Jewel of Morroco" "Eating out with Julie"
  Liabilities:US:Chase:Slate                       -13.72 USD
  Expenses:Food:Restaurant                          13.72 USD

2021-06-30 * "Cafe Modagor" "Eating out with Julie"
  Liabilities:US:Chase:Slate                       -22.27 USD
  Expenses:Food:Restaurant                          22.27 USD

2021-07-01 * "Uncle Boons" "Eating out alone"
  Liabilities:US:Chase:Slate                       -33.28 USD
  Expenses:Food:Restaurant                          33.28 USD

2021-07-03 * "Onion Market" "Buying groceries"
  Liabilities:US:Chase:Slate                       -72.60 USD
  Expenses:Food:Groceries                           72.60 USD

2021-07-04 * "Uncle Boons" "Eating out with Julie"
  Liabilities:US:Chase:Slate                       -25.39 USD
  Expenses:Food:Restaurant                          25.39 USD

2021-07-06 balance Liabilities:US:Chase:Slate     -890.66 USD

2021-07-06 * "Uncle Boons" "Eating out alone"
  Liabilities:US:Chase:Slate                       -40.86 USD
  Expenses:Food:Restaurant                          40.86 USD

2021-07-09 * "Chichipotle" "Eating out with Julie"
  Liabilities:US:Chase:Slate                       -18.70 USD
  Expenses:Food:Restaurant                          18.70 USD

2021-07-10 * "Chase:Slate" "Paying off credit card"
  Liabilities:US:Chase:Slate                       717.33 USD
  Assets:US:BofA:Checking                         -717.33 USD

2021-07-14 * "Kin Soy" "Eating out alone"
  Liabilities:US:Chase:Slate                       -43.14 USD
  Expenses:Food:Restaurant                          43.14 USD

2021-07-15 * "Kin Soy" "Eating out with Joe"
  Liabilities:US:Chase:Slate                       -61.90 USD
  Expenses:Food:Restaurant                          61.90 USD

2021-07-16 * "Farmer Fresh" "Buying groceries"
  Liabilities:US:Chase:Slate                       -98.24 USD
  Expenses:Food:Groceries                           98.24 USD

2021-07-17 * "Metro Transport Authority" "Tram tickets"
  Liabilities:US:Chase:Slate                      -120.00 USD
  Expenses:Transport:Tram                          120.00 USD

2021-07-19 * "Goba Goba" "Eating out with Julie"
  Liabilities:US:Chase:Slate                       -21.68 USD
  Expenses:Food:Restaurant                          21.68 USD

2021-07-20 * "China Garden" "Eating out with Joe"
  Liabilities:US:Chase:Slate                       -24.49 USD
  Expenses:Food:Restaurant                          24.49 USD

2021-07-23 * "Jewel of Morroco" "Eating out "
  Liabilities:US:Chase:Slate                       -24.58 USD
  Expenses:Food:Restaurant                          24.58 USD

2021-07-24 * "China Garden" "Eating out alone"
  Liabilities:US:Chase:Slate                       -43.38 USD
  Expenses:Food:Restaurant                          43.38 USD

2021-07-26 balance Liabilities:US:Chase:Slate     -670.30 USD

2021-07-27 * "Jewel of Morroco" "Eating out with Natasha"
  Liabilities:US:Chase:Slate                       -29.11 USD
  Expenses:Food:Restaurant                          29.11 USD

2021-07-29 * "China Garden" "Eating out with Bill"
  Liabilities:US:Chase:Slate                       -45.52 USD
  Expenses:Food:Restaurant                          45.52 USD

2021-07-30 * "Jewel of Morroco" "Eating out "
  Liabilities:US:Chase:Slate                       -36.72 USD
  Expenses:Food:Restaurant                          36.72 USD

2021-08-02 * "Cafe Modagor" "Eating out with Joe"
  Liabilities:US:Chase:Slate                       -17.69 USD
  Expenses:Food:Restaurant                          17.69 USD

2021-08-02 * "Onion Market" "Buying groceries"
  Liabilities:US:Chase:Slate                      -154.08 USD
  Expenses:Food:Groceries                          154.08 USD

2021-08-04 * "Rose Flower" "Eating out with work buddies"
  Liabilities:US:Chase:Slate                       -29.31 USD
  Expenses:Food:Restaurant                          29.31 USD

2021-08-07 * "Cafe Modagor" "Eating out alone"
  Liabilities:US:Chase:Slate                       -32.72 USD
  Expenses:Food:Restaurant                          32.72 USD

2021-08-09 * "Chase:Slate" "Paying off credit card"
  Liabilities:US:Chase:Slate                       761.85 USD
  Assets:US:BofA:Checking                         -761.85 USD

2021-08-10 event "location" "Los Angeles"

2021-08-11 * "Mr. Marcel" "" #trip-los-angeles-2021
  Liabilities:US:Chase:Slate                       -42.11 USD
  Expenses:Food:Restaurant                          42.11 USD

2021-08-11 * "Banana Leaf" "" #trip-los-angeles-2021
  Liabilities:US:Chase:Slate                       -24.33 USD
  Expenses:Food:Restaurant                          24.33 USD

2021-08-11 * "Dupar's" "" #trip-los-angeles-2021
  Liabilities:US:Chase:Slate                       -24.93 USD
  Expenses:Food:Restaurant                          24.93 USD

2021-08-11 * "Pampas Grill" "" #trip-los-angeles-2021
  Liabilities:US:Chase:Slate                       -18.09 USD
  Expenses:Food:Restaurant                          18.09 USD

2021-08-11 * "Starbucks" "" #trip-los-angeles-2021
  Liabilities:US:Chase:Slate                        -5.92 USD
  Expenses:Food:Coffee                               5.92 USD

2021-08-12 * "Mr. Marcel" "" #trip-los-angeles-2021
  Liabilities:US:Chase:Slate                       -37.63 USD
  Expenses:Food:Restaurant                          37.63 USD

2021-08-12 * "Pampas Grill" "" #trip-los-angeles-2021
  Liabilities:US:Chase:Slate                       -22.58 USD
  Expenses:Food:Restaurant                          22.58 USD

2021-08-12 * "Starbucks" "" #trip-los-angeles-2021
  Liabilities:US:Chase:Slate                        -5.98 USD
  Expenses:Food:Coffee                               5.98 USD

2021-08-13 * "Banana Leaf" "" #trip-los-angeles-2021
  Liabilities:US:Chase:Slate                       -32.85 USD
  Expenses:Food:Restaurant                          32.85 USD

2021-08-13 * "Pampas Grill" "" #trip-los-angeles-2021
  Liabilities:US:Chase:Slate                       -26.92 USD
  Expenses:Food:Restaurant                          26.92 USD

2021-08-13 * "E.B.'s Beer and Wine" "" #trip-los-angeles-2021
  Liabilities:US:Chase:Slate                        -5.00 USD
  Expenses:Food:Alcohol                              5.00 USD

2021-08-14 * "Banana Leaf" "" #trip-los-angeles-2021
  Liabilities:US:Chase:Slate                       -23.15 USD
  Expenses:Food:Restaurant                          23.15 USD

2021-08-14 * "Pampas Grill" "" #trip-los-angeles-2021
  Liabilities:US:Chase:Slate                       -27.42 USD
  Expenses:Food:Restaurant                          27.42 USD

2021-08-15 * "Banana Leaf" "" #trip-los-angeles-2021
  Liabilities:US:Chase:Slate                       -25.61 USD
  Expenses:Food:Restaurant                          25.61 USD

2021-08-15 * "Dupar's" "" #trip-los-angeles-2021
  Liabilities:US:Chase:Slate                       -26.84 USD
  Expenses:Food:Restaurant                          26.84 USD

2021-08-15 * "E.B.'s Beer and Wine" "" #trip-los-angeles-2021
  Liabilities:US:Chase:Slate                        -8.66 USD
  Expenses:Food:Alcohol                              8.66 USD

2021-08-16 * "Dupar's" "" #trip-los-angeles-2021
  Liabilities:US:Chase:Slate                       -30.24 USD
  Expenses:Food:Restaurant                          30.24 USD

2021-08-16 * "Pampas Grill" "" #trip-los-angeles-2021
  Liabilities:US:Chase:Slate                       -25.65 USD
  Expenses:Food:Restaurant                          25.65 USD

2021-08-17 * "Mr. Marcel" "" #trip-los-angeles-2021
  Liabilities:US:Chase:Slate                       -43.06 USD
  Expenses:Food:Restaurant                          43.06 USD

2021-08-18 * "Dupar's" "" #trip-los-angeles-2021
  Liabilities:US:Chase:Slate                       -36.44 USD
  Expenses:Food:Restaurant                          36.44 USD

2021-08-19 * "Rose Flower" "Eating out "
  Liabilities:US:Chase:Slate                       -22.43 USD
  Expenses:Food:Restaurant                          22.43 USD

2021-08-19 * "E.B.'s Beer and Wine" "" #trip-los-angeles-2021
  Liabilities:US:Chase:Slate                       -10.15 USD
  Expenses:Food:Alcohol                             10.15 USD

2021-08-19 * "Consume vacation days"
  Assets:US:Hoogle:Vacation                           -72 VACHR
  Expenses:Vacation                                    72 VACHR

2021-08-19 event "location" "New Metropolis"

2021-08-20 balance Liabilities:US:Chase:Slate     -779.59 USD

2021-08-22 * "Kin Soy" "Eating out "
  Liabilities:US:Chase:Slate                       -36.26 USD
  Expenses:Food:Restaurant                          36.26 USD

2021-08-24 * "Cafe Modagor" "Eating out with work buddies"
  Liabilities:US:Chase:Slate                       -53.78 USD
  Expenses:Food:Restaurant                          53.78 USD

2021-08-25 * "Kin Soy" "Eating out after work"
  Liabilities:US:Chase:Slate                       -10.41 USD
  Expenses:Food:Restaurant                          10.41 USD

2021-08-27 * "China Garden" "Eating out alone"
  Liabilities:US:Chase:Slate                       -31.68 USD
  Expenses:Food:Restaurant                          31.68 USD

2021-08-31 * "Goba Goba" "Eating out with work buddies"
  Liabilities:US:Chase:Slate                       -27.42 USD
  Expenses:Food:Restaurant                          27.42 USD

2021-09-01 * "Chichipotle" "Eating out after work"
  Liabilities:US:Chase:Slate                       -55.65 USD
  Expenses:Food:Restaurant                          55.65 USD

2021-09-01 * "Corner Deli" "Buying groceries"
  Liabilities:US:Chase:Slate                       -55.93 USD
  Expenses:Food:Groceries                           55.93 USD

2021-09-06 * "Chichipotle" "Eating out alone"
  Liabilities:US:Chase:Slate                       -27.78 USD
  Expenses:Food:Restaurant                          27.78 USD

2021-09-08 * "Goba Goba" "Eating out "
  Liabilities:US:Chase:Slate                       -49.38 USD
  Expenses:Food:Restaurant                          49.38 USD

2021-09-08 * "Chase:Slate" "Paying off credit card"
  Liabilities:US:Chase:Slate                       348.29 USD
  Assets:US:BofA:Checking                         -348.29 USD

2021-09-09 * "Chichipotle" "Eating out with Julie"
  Liabilities:US:Chase:Slate                       -20.74 USD
  Expenses:Food:Restaurant                          20.74 USD

2021-09-11 * "China Garden" "Eating out after work"
  Liabilities:US:Chase:Slate                       -47.73 USD
  Expenses:Food:Restaurant                          47.73 USD

2021-09-11 * "Metro Transport Authority" "Tram tickets"
  Liabilities:US:Chase:Slate                      -120.00 USD
  Expenses:Transport:Tram                          120.00 USD

2021-09-12 * "Corner Deli" "Buying groceries"
  Liabilities:US:Chase:Slate                       -88.66 USD
  Expenses:Food:Groceries                           88.66 USD

2021-09-15 balance Liabilities:US:Chase:Slate    -1056.72 USD

2021-09-15 * "Jewel of Morroco" "Eating out with work buddies"
  Liabilities:US:Chase:Slate                       -54.57 USD
  Expenses:Food:Restaurant                          54.57 USD

2021-09-18 * "Rose Flower" "Eating out after work"
  Liabilities:US:Chase:Slate                        -9.26 USD
  Expenses:Food:Restaurant                           9.26 USD

2021-09-21 * "Chichipotle" "Eating out with Natasha"
  Liabilities:US:Chase:Slate                       -24.66 USD
  Expenses:Food:Restaurant                          24.66 USD

2021-09-22 * "Rose Flower" "Eating out "
  Liabilities:US:Chase:Slate                       -18.56 USD
  Expenses:Food:Restaurant                          18.56 USD

2021-09-27 * "Rose Flower" "Eating out with Julie"
  Liabilities:US:Chase:Slate                       -56.20 USD
  Expenses:Food:Restaurant                          56.20 USD

2021-09-29 * "Goba Goba" "Eating out after work"
  Liabilities:US:Chase:Slate                       -34.96 USD
  Expenses:Food:Restaurant                          34.96 USD

2021-09-30 * "Onion Market" "Buying groceries"
  Liabilities:US:Chase:Slate                       -66.90 USD
  Expenses:Food:Groceries                           66.90 USD

2021-10-04 * "China Garden" "Eating out alone"
  Liabilities:US:Chase:Slate                       -21.03 USD
  Expenses:Food:Restaurant                          21.03 USD

2021-10-07 * "China Garden" "Eating out with work buddies"
  Liabilities:US:Chase:Slate                       -25.91 USD
  Expenses:Food:Restaurant                          25.91 USD

2021-10-10 * "Rose Flower" "Eating out with Bill"
  Liabilities:US:Chase:Slate                       -32.07 USD
  Expenses:Food:Restaurant                          32.07 USD

2021-10-10 * "Chase:Slate" "Paying off credit card"
  Liabilities:US:Chase:Slate                       621.25 USD
  Assets:US:BofA:Checking                         -621.25 USD

2021-10-11 balance Liabilities:US:Chase:Slate     -779.59 USD

2021-10-12 * "Rose Flower" "Eating out after work"
  Liabilities:US:Chase:Slate                       -23.20 USD
  Expenses:Food:Restaurant                          23.20 USD

2021-10-12 * "Metro Transport Authority" "Tram tickets"
  Liabilities:US:Chase:Slate                      -120.00 USD
  Expenses:Transport:Tram                          120.00 USD

2021-10-13 * "Cafe Modagor" "Eating out with work buddies"
  Liabilities:US:Chase:Slate                       -35.64 USD
  Expenses:Food:Restaurant                          35.64 USD

2021-10-18 * "Goba Goba" "Eating out alone"
  Liabilities:US:Chase:Slate                       -19.32 USD
  Expenses:Food:Restaurant                          19.32 USD

2021-10-18 * "Onion Market" "Buying groceries"
  Liabilities:US:Chase:Slate                       -81.42 USD
  Expenses:Food:Groceries                           81.42 USD

2021-10-21 * "Chichipotle" "Eating out with Julie"
  Liabilities:US:Chase:Slate                       -25.66 USD
  Expenses:Food:Restaurant                          25.66 USD

2021-10-23 * "Jewel of Morroco" "Eating out "
  Liabilities:US:Chase:Slate                       -20.56 USD
  Expenses:Food:Restaurant                          20.56 USD

2021-10-25 * "Rose Flower" "Eating out with Bill"
  Liabilities:US:Chase:Slate                       -23.33 USD
  Expenses:Food:Restaurant                          23.33 USD

2021-10-30 * "Kin Soy" "Eating out alone"
  Liabilities:US:Chase:Slate                       -32.92 USD
  Expenses:Food:Restaurant                          32.92 USD

2021-10-31 * "Goba Goba" "Eating out with Joe"
  Liabilities:US:Chase:Slate                       -38.99 USD
  Expenses:Food:Restaurant                          38.99 USD

2021-11-02 * "Good Moods Market" "Buying groceries"
  Liabilities:US:Chase:Slate                       -71.46 USD
  Expenses:Food:Groceries                           71.46 USD

2021-11-04 balance Liabilities:US:Chase:Slate    -1272.09 USD

2021-11-04 * "Jewel of Morroco" "Eating out with Bill"
  Liabilities:US:Chase:Slate                       -15.06 USD
  Expenses:Food:Restaurant                          15.06 USD

2021-11-05 * "China Garden" "Eating out alone"
  Liabilities:US:Chase:Slate                       -29.70 USD
  Expenses:Food:Restaurant                          29.70 USD

2021-11-06 * "Jewel of Morroco" "Eating out with Natasha"
  Liabilities:US:Chase:Slate                       -50.08 USD
  Expenses:Food:Restaurant                          50.08 USD

2021-11-08 * "Chase:Slate" "Paying off credit card"
  Liabilities:US:Chase:Slate                       624.20 USD
  Assets:US:BofA:Checking                         -624.20 USD

2021-11-10 * "Cafe Modagor" "Eating out after work"
  Liabilities:US:Chase:Slate                       -36.86 USD
  Expenses:Food:Restaurant                          36.86 USD

2021-11-11 * "Metro Transport Authority" "Tram tickets"
  Liabilities:US:Chase:Slate                      -120.00 USD
  Expenses:Transport:Tram                          120.00 USD

2021-11-12 * "Goba Goba" "Eating out with Joe"
  Liabilities:US:Chase:Slate                       -35.52 USD
  Expenses:Food:Restaurant                          35.52 USD

2021-11-13 * "Kin Soy" "Eating out alone"
  Liabilities:US:Chase:Slate                       -23.58 USD
  Expenses:Food:Restaurant                          23.58 USD

2021-11-14 * "Kin Soy" "Eating out with work buddies"
  Liabilities:US:Chase:Slate                       -11.64 USD
  Expenses:Food:Restaurant                          11.64 USD

2021-11-15 * "Goba Goba" "Eating out after work"
  Liabilities:US:Chase:Slate                       -59.59 USD
  Expenses:Food:Restaurant                          59.59 USD

2021-11-18 * "China Garden" "Eating out alone"
  Liabilities:US:Chase:Slate                       -37.46 USD
  Expenses:Food:Restaurant                          37.46 USD

2021-11-18 * "Farmer Fresh" "Buying groceries"
  Liabilities:US:Chase:Slate                       -62.40 USD
  Expenses:Food:Groceries                           62.40 USD

2021-11-21 * "Chichipotle" "Eating out alone"
  Liabilities:US:Chase:Slate                       -26.22 USD
  Expenses:Food:Restaurant                          26.22 USD

2021-11-25 * "Kin Soy" "Eating out after work"
  Liabilities:US:Chase:Slate                       -26.43 USD
  Expenses:Food:Restaurant                          26.43 USD

2021-11-29 * "Uncle Boons" "Eating out with Julie"
  Liabilities:US:Chase:Slate                       -51.02 USD
  Expenses:Food:Restaurant                          51.02 USD

2021-11-30 balance Liabilities:US:Chase:Slate    -1233.45 USD

2021-12-01 * "Good Moods Market" "Buying groceries"
  Liabilities:US:Chase:Slate                      -104.00 USD
  Expenses:Food:Groceries                          104.00 USD

2021-12-02 * "China Garden" "Eating out with Natasha"
  Liabilities:US:Chase:Slate                       -54.20 USD
  Expenses:Food:Restaurant                          54.20 USD

2021-12-03 * "Goba Goba" "Eating out with work buddies"
  Liabilities:US:Chase:Slate                       -27.76 USD
  Expenses:Food:Restaurant                          27.76 USD

2021-12-06 * "Rose Flower" "Eating out alone"
  Liabilities:US:Chase:Slate                       -74.35 USD
  Expenses:Food:Restaurant                          74.35 USD

2021-12-08 * "Corner Deli" "Buying groceries"
  Liabilities:US:Chase:Slate                       -51.01 USD
  Expenses:Food:Groceries                           51.01 USD

2021-12-08 * "Chase:Slate" "Paying off credit card"
  Liabilities:US:Chase:Slate                       765.18 USD
  Assets:US:BofA:Checking                         -765.18 USD

2021-12-10 * "Goba Goba" "Eating out with work buddies"
  Liabilities:US:Chase:Slate                       -24.86 USD
  Expenses:Food:Restaurant                          24.86 USD

2021-12-12 * "Goba Goba" "Eating out with work buddies"
  Liabilities:US:Chase:Slate                       -21.44 USD
  Expenses:Food:Restaurant                          21.44 USD

2021-12-13 * "Metro Transport Authority" "Tram tickets"
  Liabilities:US:Chase:Slate                      -120.00 USD
  Expenses:Transport:Tram                          120.00 USD

2021-12-14 * "Goba Goba" "Eating out after work"
  Liabilities:US:Chase:Slate                       -23.17 USD
  Expenses:Food:Restaurant                          23.17 USD

2021-12-17 * "Uncle Boons" "Eating out with Julie"
  Liabilities:US:Chase:Slate                       -29.22 USD
  Expenses:Food:Restaurant                          29.22 USD

2021-12-20 * "Rose Flower" "Eating out after work"
  Liabilities:US:Chase:Slate                       -19.55 USD
  Expenses:Food:Restaurant                          19.55 USD

2021-12-22 * "Cafe Modagor" "Eating out with Joe"
  Liabilities:US:Chase:Slate                       -41.19 USD
  Expenses:Food:Restaurant                          41.19 USD

2021-12-25 * "Goba Goba" "Eating out with Joe"
  Liabilities:US:Chase:Slate                       -47.07 USD
  Expenses:Food:Restaurant                          47.07 USD

2021-12-26 * "Corner Deli" "Buying groceries"
  Liabilities:US:Chase:Slate                       -85.30 USD
  Expenses:Food:Groceries                           85.30 USD

2021-12-28 balance Liabilities:US:Chase:Slate    -1191.39 USD

2021-12-30 * "Goba Goba" "Eating out with Julie"
  Liabilities:US:Chase:Slate                       -19.32 USD
  Expenses:Food:Restaurant                          19.32 USD

2021-12-31 * "Goba Goba" "Eating out after work"
  Liabilities:US:Chase:Slate                       -36.47 USD
  Expenses:Food:Restaurant                          36.47 USD

2022-01-04 * "Onion Market" "Buying groceries"
  Liabilities:US:Chase:Slate                      -134.91 USD
  Expenses:Food:Groceries                          134.91 USD

2022-01-05 * "Chichipotle" "Eating out with Julie"
  Liabilities:US:Chase:Slate                       -42.87 USD
  Expenses:Food:Restaurant                          42.87 USD

2022-01-06 * "Kin Soy" "Eating out with work buddies"
  Liabilities:US:Chase:Slate                       -32.89 USD
  Expenses:Food:Restaurant                          32.89 USD

2022-01-11 * "Rose Flower" "Eating out with Bill"
  Liabilities:US:Chase:Slate                       -59.53 USD
  Expenses:Food:Restaurant                          59.53 USD

2022-01-14 * "China Garden" "Eating out with Joe"
  Liabilities:US:Chase:Slate                       -20.52 USD
  Expenses:Food:Restaurant                          20.52 USD

2022-01-15 * "Cafe Modagor" "Eating out with Julie"
  Liabilities:US:Chase:Slate                       -18.91 USD
  Expenses:Food:Restaurant                          18.91 USD

2022-01-15 * "Metro Transport Authority" "Tram tickets"
  Liabilities:US:Chase:Slate                      -120.00 USD
  Expenses:Transport:Tram                          120.00 USD

2022-01-16 * "Uncle Boons" "Eating out alone"
  Liabilities:US:Chase:Slate                       -26.70 USD
  Expenses:Food:Restaurant                          26.70 USD

2022-01-19 * "Chichipotle" "Eating out with Natasha"
  Liabilities:US:Chase:Slate                       -18.49 USD
  Expenses:Food:Restaurant                          18.49 USD

2022-01-20 * "Farmer Fresh" "Buying groceries"
  Liabilities:US:Chase:Slate                       -79.57 USD
  Expenses:Food:Groceries                           79.57 USD

2022-01-21 * "Jewel of Morroco" "Eating out with Julie"
  Liabilities:US:Chase:Slate                       -17.58 USD
  Expenses:Food:Restaurant                          17.58 USD



* Taxable Investments

2020-01-01 open Assets:US:ETrade:Cash                       USD
2020-01-01 open Assets:US:ETrade:ITOT                       ITOT
2020-01-01 open Assets:US:ETrade:VEA                       VEA
2020-01-01 open Assets:US:ETrade:VHT                       VHT
2020-01-01 open Assets:US:ETrade:GLD                       GLD
2020-01-01 open Income:US:ETrade:PnL                        USD
2020-01-01 open Income:US:ETrade:ITOT:Dividend              USD
2020-01-01 open Income:US:ETrade:VEA:Dividend              USD
2020-01-01 open Income:US:ETrade:VHT:Dividend              USD
2020-01-01 open Income:US:ETrade:GLD:Dividend              USD

2020-09-17 * "Dividends on portfolio"
  Assets:US:ETrade:Cash                              0.00 USD
  Income:US:ETrade:GLD:Dividend                      0.00 USD

2020-09-18 * "Buy shares of ITOT"
  Assets:US:ETrade:Cash                           -809.41 USD
  Assets:US:ETrade:ITOT                                 6 ITOT {133.41 USD, 2020-09-18}
  Expenses:Financial:Commissions                     8.95 USD

2020-09-18 * "Buy shares of GLD"
  Assets:US:ETrade:Cash                           -729.07 USD
  Assets:US:ETrade:GLD                                  4 GLD {180.03 USD, 2020-09-18}
  Expenses:Financial:Commissions                     8.95 USD

2020-09-18 * "Buy shares of VEA"
  Assets:US:ETrade:Cash                           -799.81 USD
  Assets:US:ETrade:VEA                                  6 VEA {131.81 USD, 2020-09-18}
  Expenses:Financial:Commissions                     8.95 USD

2020-09-18 * "Buy shares of VHT"
  Assets:US:ETrade:Cash                           -851.89 USD
  Assets:US:ETrade:VHT                                  7 VHT {120.42 USD, 2020-09-18}
  Expenses:Financial:Commissions                     8.95 USD

2020-11-04 * "Buy shares of VHT"
  Assets:US:ETrade:Cash                          -4715.25 USD
  Assets:US:ETrade:VHT                                 38 VHT {123.85 USD, 2020-11-04}
  Expenses:Financial:Commissions                     8.95 USD

2020-12-17 * "Dividends on portfolio"
  Assets:US:ETrade:Cash                             31.44 USD
  Income:US:ETrade:VHT:Dividend                    -31.44 USD

2021-03-10 * "Sell shares of VHT"
  Assets:US:ETrade:VHT                                -38 VHT {123.85 USD, 2020-11-04} @ 125.76 USD
  Assets:US:ETrade:Cash                           4769.93 USD
  Expenses:Financial:Commissions                     8.95 USD
  Income:US:ETrade:PnL                             -72.58 USD

2021-03-18 * "Dividends on portfolio"
  Assets:US:ETrade:Cash                             31.44 USD
  Income:US:ETrade:VEA:Dividend                    -31.44 USD

2021-03-20 * "Buy shares of VHT"
  Assets:US:ETrade:Cash                          -2287.21 USD
  Assets:US:ETrade:VHT                                 18 VHT {126.57 USD, 2021-03-20}
  Expenses:Financial:Commissions                     8.95 USD

2021-03-20 * "Buy shares of GLD"
  Assets:US:ETrade:Cash                          -2369.49 USD
  Assets:US:ETrade:GLD                                 13 GLD {181.58 USD, 2021-03-20}
  Expenses:Financial:Commissions                     8.95 USD

2021-06-18 * "Dividends on portfolio"
  Assets:US:ETrade:Cash                             50.00 USD
  Income:US:ETrade:VEA:Dividend                    -50.00 USD

2021-08-10 * "Sell shares of GLD"
  Assets:US:ETrade:GLD                                -13 GLD {181.58 USD, 2021-03-20} @ 196.12 USD
  Assets:US:ETrade:Cash                           2540.61 USD
  Expenses:Financial:Commissions                     8.95 USD
  Income:US:ETrade:PnL                            -189.02 USD

2021-08-11 * "Buy shares of ITOT"
  Assets:US:ETrade:Cash                           -839.89 USD
  Assets:US:ETrade:ITOT                                 6 ITOT {138.49 USD, 2021-08-11}
  Expenses:Financial:Commissions                     8.95 USD

2021-08-11 * "Buy shares of GLD"
  Assets:US:ETrade:Cash                           -793.43 USD
  Assets:US:ETrade:GLD                                  4 GLD {196.12 USD, 2021-08-11}
  Expenses:Financial:Commissions                     8.95 USD

2021-08-11 * "Buy shares of VEA"
  Assets:US:ETrade:Cash                           -901.93 USD
  Assets:US:ETrade:VEA                                  6 VEA {148.83 USD, 2021-08-11}
  Expenses:Financial:Commissions                     8.95 USD

2021-09-18 * "Dividends on portfolio"
  Assets:US:ETrade:Cash                             60.03 USD
  Income:US:ETrade:VHT:Dividend                    -60.03 USD

2021-10-15 * "Sell shares of GLD"
  Assets:US:ETrade:GLD                                 -4 GLD {196.12 USD, 2021-08-11} @ 192.08 USD
  Assets:US:ETrade:Cash                            759.37 USD
  Expenses:Financial:Commissions                     8.95 USD
  Income:US:ETrade:PnL                              16.16 USD

2021-10-19 * "Buy shares of ITOT"
  Assets:US:ETrade:Cash                          -1333.30 USD
  Assets:US:ETrade:ITOT                                 9 ITOT {147.15 USD, 2021-10-19}
  Expenses:Financial:Commissions                     8.95 USD

2021-10-19 * "Buy shares of VEA"
  Assets:US:ETrade:Cash                          -1384.15 USD
  Assets:US:ETrade:VEA                                  9 VEA {152.80 USD, 2021-10-19}
  Expenses:Financial:Commissions                     8.95 USD

2021-10-19 * "Buy shares of GLD"
  Assets:US:ETrade:Cash                          -1353.51 USD
  Assets:US:ETrade:GLD                                  7 GLD {192.08 USD, 2021-10-19}
  Expenses:Financial:Commissions                     8.95 USD

2021-10-19 * "Buy shares of VHT"
  Assets:US:ETrade:Cash                          -1347.65 USD
  Assets:US:ETrade:VHT                                 10 VHT {133.87 USD, 2021-10-19}
  Expenses:Financial:Commissions                     8.95 USD

2021-11-09 * "Buy shares of VEA"
  Assets:US:ETrade:Cash                           -934.27 USD
  Assets:US:ETrade:VEA                                  6 VEA {154.22 USD, 2021-11-09}
  Expenses:Financial:Commissions                     8.95 USD

2021-11-09 * "Buy shares of VHT"
  Assets:US:ETrade:Cash                           -954.16 USD
  Assets:US:ETrade:VHT                                  7 VHT {135.03 USD, 2021-11-09}
  Expenses:Financial:Commissions                     8.95 USD

2021-11-09 * "Buy shares of GLD"
  Assets:US:ETrade:Cash                           -947.05 USD
  Assets:US:ETrade:GLD                                  5 GLD {187.62 USD, 2021-11-09}
  Expenses:Financial:Commissions                     8.95 USD

2021-11-09 * "Buy shares of ITOT"
  Assets:US:ETrade:Cash                           -908.05 USD
  Assets:US:ETrade:ITOT                                 6 ITOT {149.85 USD, 2021-11-09}
  Expenses:Financial:Commissions                     8.95 USD

2021-11-24 * "Sell shares of GLD"
  Assets:US:ETrade:GLD                                 -7 GLD {192.08 USD, 2021-10-19} @ 190.67 USD
  Assets:US:ETrade:Cash                           1325.74 USD
  Expenses:Financial:Commissions                     8.95 USD
  Income:US:ETrade:PnL                               9.87 USD

2021-11-28 * "Buy shares of ITOT"
  Assets:US:ETrade:Cash                           -457.60 USD
  Assets:US:ETrade:ITOT                                 3 ITOT {149.55 USD, 2021-11-28}
  Expenses:Financial:Commissions                     8.95 USD

2021-11-28 * "Buy shares of VEA"
  Assets:US:ETrade:Cash                           -468.43 USD
  Assets:US:ETrade:VEA                                  3 VEA {153.16 USD, 2021-11-28}
  Expenses:Financial:Commissions                     8.95 USD

2021-11-28 * "Buy shares of GLD"
  Assets:US:ETrade:Cash                           -388.33 USD
  Assets:US:ETrade:GLD                                  2 GLD {189.69 USD, 2021-11-28}
  Expenses:Financial:Commissions                     8.95 USD

2021-12-17 * "Dividends on portfolio"
  Assets:US:ETrade:Cash                            101.54 USD
  Income:US:ETrade:VHT:Dividend                   -101.54 USD

2021-12-21 * "Buy shares of VHT"
  Assets:US:ETrade:Cash                          -1544.33 USD
  Assets:US:ETrade:VHT                                 11 VHT {139.58 USD, 2021-12-21}
  Expenses:Financial:Commissions                     8.95 USD

2021-12-21 * "Buy shares of VEA"
  Assets:US:ETrade:Cash                          -1530.55 USD
  Assets:US:ETrade:VEA                                 10 VEA {152.16 USD, 2021-12-21}
  Expenses:Financial:Commissions                     8.95 USD

2021-12-21 * "Buy shares of ITOT"
  Assets:US:ETrade:Cash                          -1579.25 USD
  Assets:US:ETrade:ITOT                                10 ITOT {157.03 USD, 2021-12-21}
  Expenses:Financial:Commissions                     8.95 USD

2022-01-19 * "Buy shares of ITOT"
  Assets:US:ETrade:Cash                          -1288.55 USD
  Assets:US:ETrade:ITOT                                 8 ITOT {159.95 USD, 2022-01-19}
  Expenses:Financial:Commissions                     8.95 USD

2022-01-19 * "Buy shares of VEA"
  Assets:US:ETrade:Cash                          -1227.75 USD
  Assets:US:ETrade:VEA                                  8 VEA {152.35 USD, 2022-01-19}
  Expenses:Financial:Commissions                     8.95 USD

2022-01-19 * "Buy shares of GLD"
  Assets:US:ETrade:Cash                          -1173.61 USD
  Assets:US:ETrade:GLD                                  6 GLD {194.11 USD, 2022-01-19}
  Expenses:Financial:Commissions                     8.95 USD



* Vanguard Investments

2020-01-01 open Assets:US:Vanguard:VBMPX                     VBMPX
  number: "882882"
2020-01-01 open Assets:US:Vanguard:RGAGX                     RGAGX
  number: "882882"
2020-01-01 open Assets:US:Vanguard                            USD
  address: "P.O. Box 1110, Valley Forge, PA 19482-1110"
  institution: "Vanguard Group"
  phone: "+1.800.523.1188"
2020-01-01 open Income:US:Hoogle:Match401k                   USD
2020-01-01 open Assets:US:Vanguard:Cash                       USD
  number: "882882"

2020-01-03 * "Employer match for contribution"
  Assets:US:Vanguard:Cash                          600.00 USD
  Income:US:Hoogle:Match401k                      -600.00 USD

2020-01-06 * "Investing 40% of cash in VBMPX"
  Assets:US:Vanguard:VBMPX                          5.659 VBMPX {84.82 USD, 2020-01-06}
  Assets:US:Vanguard:Cash                         -480.00 USD

2020-01-06 * "Investing 60% of cash in RGAGX"
  Assets:US:Vanguard:RGAGX                          4.117 RGAGX {174.90 USD, 2020-01-06}
  Assets:US:Vanguard:Cash                         -720.06 USD

2020-01-06 * "Investing 40% of cash in VBMPX"
  Assets:US:Vanguard:VBMPX                          2.829 VBMPX {84.82 USD, 2020-01-06}
  Assets:US:Vanguard:Cash                         -239.96 USD

2020-01-06 * "Investing 60% of cash in RGAGX"
  Assets:US:Vanguard:RGAGX                          2.058 RGAGX {174.90 USD, 2020-01-06}
  Assets:US:Vanguard:Cash                         -359.94 USD

2020-01-17 * "Employer match for contribution"
  Assets:US:Vanguard:Cash                          600.00 USD
  Income:US:Hoogle:Match401k                      -600.00 USD

2020-01-20 * "Investing 40% of cash in VBMPX"
  Assets:US:Vanguard:VBMPX                          5.645 VBMPX {85.03 USD, 2020-01-20}
  Assets:US:Vanguard:Cash                         -479.99 USD

2020-01-20 * "Investing 60% of cash in RGAGX"
  Assets:US:Vanguard:RGAGX                          4.018 RGAGX {179.21 USD, 2020-01-20}
  Assets:US:Vanguard:Cash                         -720.07 USD

2020-01-20 * "Investing 40% of cash in VBMPX"
  Assets:US:Vanguard:VBMPX                          2.822 VBMPX {85.03 USD, 2020-01-20}
  Assets:US:Vanguard:Cash                         -239.95 USD

2020-01-20 * "Investing 60% of cash in RGAGX"
  Assets:US:Vanguard:RGAGX                          2.009 RGAGX {179.21 USD, 2020-01-20}
  Assets:US:Vanguard:Cash                         -360.03 USD

2020-01-31 * "Employer match for contribution"
  Assets:US:Vanguard:Cash                          600.00 USD
  Income:US:Hoogle:Match401k                      -600.00 USD

2020-02-03 * "Investing 40% of cash in VBMPX"
  Assets:US:Vanguard:VBMPX                          5.671 VBMPX {84.64 USD, 2020-02-03}
  Assets:US:Vanguard:Cash                         -479.99 USD

2020-02-03 * "Investing 60% of cash in RGAGX"
  Assets:US:Vanguard:RGAGX                          3.998 RGAGX {180.11 USD, 2020-02-03}
  Assets:US:Vanguard:Cash                         -720.08 USD

2020-02-03 * "Investing 40% of cash in VBMPX"
  Assets:US:Vanguard:VBMPX                          2.835 VBMPX {84.64 USD, 2020-02-03}
  Assets:US:Vanguard:Cash                         -239.95 USD

2020-02-03 * "Investing 60% of cash in RGAGX"
  Assets:US:Vanguard:RGAGX                          1.999 RGAGX {180.11 USD, 2020-02-03}
  Assets:US:Vanguard:Cash                         -360.04 USD

2020-02-14 * "Employer match for contribution"
  Assets:US:Vanguard:Cash                          600.00 USD
  Income:US:Hoogle:Match401k                      -600.00 USD

2020-02-17 * "Investing 40% of cash in VBMPX"
  Assets:US:Vanguard:VBMPX                          5.680 VBMPX {84.51 USD, 2020-02-17}
  Assets:US:Vanguard:Cash                         -480.02 USD

2020-02-17 * "Investing 60% of cash in RGAGX"
  Assets:US:Vanguard:RGAGX                          4.020 RGAGX {179.11 USD, 2020-02-17}
  Assets:US:Vanguard:Cash                         -720.02 USD

2020-02-17 * "Investing 40% of cash in VBMPX"
  Assets:US:Vanguard:VBMPX                          2.839 VBMPX {84.51 USD, 2020-02-17}
  Assets:US:Vanguard:Cash                         -239.92 USD

2020-02-17 * "Investing 60% of cash in RGAGX"
  Assets:US:Vanguard:RGAGX                          2.010 RGAGX {179.11 USD, 2020-02-17}
  Assets:US:Vanguard:Cash                         -360.01 USD

2020-02-28 * "Employer match for contribution"
  Assets:US:Vanguard:Cash                          600.00 USD
  Income:US:Hoogle:Match401k                      -600.00 USD

2020-03-02 * "Investing 40% of cash in VBMPX"
  Assets:US:Vanguard:VBMPX                          5.665 VBMPX {84.73 USD, 2020-03-02}
  Assets:US:Vanguard:Cash                         -480.00 USD

2020-03-02 * "Investing 60% of cash in RGAGX"
  Assets:US:Vanguard:RGAGX                          3.989 RGAGX {180.49 USD, 2020-03-02}
  Assets:US:Vanguard:Cash                         -719.97 USD

2020-03-02 * "Investing 40% of cash in VBMPX"
  Assets:US:Vanguard:VBMPX                          2.833 VBMPX {84.73 USD, 2020-03-02}
  Assets:US:Vanguard:Cash                         -240.04 USD

2020-03-02 * "Investing 60% of cash in RGAGX"
  Assets:US:Vanguard:RGAGX                          1.995 RGAGX {180.49 USD, 2020-03-02}
  Assets:US:Vanguard:Cash                         -360.08 USD

2020-03-13 * "Employer match for contribution"
  Assets:US:Vanguard:Cash                          600.00 USD
  Income:US:Hoogle:Match401k                      -600.00 USD

2020-03-16 * "Investing 40% of cash in VBMPX"
  Assets:US:Vanguard:VBMPX                          5.566 VBMPX {86.23 USD, 2020-03-16}
  Assets:US:Vanguard:Cash                         -479.96 USD

2020-03-16 * "Investing 60% of cash in RGAGX"
  Assets:US:Vanguard:RGAGX                          3.932 RGAGX {183.11 USD, 2020-03-16}
  Assets:US:Vanguard:Cash                         -719.99 USD

2020-03-16 * "Investing 40% of cash in VBMPX"
  Assets:US:Vanguard:VBMPX                          2.783 VBMPX {86.23 USD, 2020-03-16}
  Assets:US:Vanguard:Cash                         -239.98 USD

2020-03-16 * "Investing 60% of cash in RGAGX"
  Assets:US:Vanguard:RGAGX                          1.966 RGAGX {183.11 USD, 2020-03-16}
  Assets:US:Vanguard:Cash                         -359.99 USD

2020-03-27 * "Employer match for contribution"
  Assets:US:Vanguard:Cash                          600.00 USD
  Income:US:Hoogle:Match401k                      -600.00 USD

2020-03-30 * "Investing 40% of cash in VBMPX"
  Assets:US:Vanguard:VBMPX                          5.652 VBMPX {84.92 USD, 2020-03-30}
  Assets:US:Vanguard:Cash                         -479.97 USD

2020-03-30 * "Investing 60% of cash in RGAGX"
  Assets:US:Vanguard:RGAGX                          3.888 RGAGX {185.16 USD, 2020-03-30}
  Assets:US:Vanguard:Cash                         -719.90 USD

2020-03-30 * "Investing 40% of cash in VBMPX"
  Assets:US:Vanguard:VBMPX                          2.827 VBMPX {84.92 USD, 2020-03-30}
  Assets:US:Vanguard:Cash                         -240.07 USD

2020-03-30 * "Investing 60% of cash in RGAGX"
  Assets:US:Vanguard:RGAGX                          1.945 RGAGX {185.16 USD, 2020-03-30}
  Assets:US:Vanguard:Cash                         -360.14 USD

2020-04-10 * "Employer match for contribution"
  Assets:US:Vanguard:Cash                          600.00 USD
  Income:US:Hoogle:Match401k                      -600.00 USD

2020-04-13 * "Investing 40% of cash in VBMPX"
  Assets:US:Vanguard:VBMPX                          5.701 VBMPX {84.19 USD, 2020-04-13}
  Assets:US:Vanguard:Cash                         -479.97 USD

2020-04-13 * "Investing 60% of cash in RGAGX"
  Assets:US:Vanguard:RGAGX                          3.869 RGAGX {186.08 USD, 2020-04-13}
  Assets:US:Vanguard:Cash                         -719.94 USD

2020-04-13 * "Investing 40% of cash in VBMPX"
  Assets:US:Vanguard:VBMPX                          2.851 VBMPX {84.19 USD, 2020-04-13}
  Assets:US:Vanguard:Cash                         -240.03 USD

2020-04-13 * "Investing 60% of cash in RGAGX"
  Assets:US:Vanguard:RGAGX                          1.935 RGAGX {186.08 USD, 2020-04-13}
  Assets:US:Vanguard:Cash                         -360.06 USD

2020-04-24 * "Employer match for contribution"
  Assets:US:Vanguard:Cash                          600.00 USD
  Income:US:Hoogle:Match401k                      -600.00 USD

2020-04-27 * "Investing 40% of cash in VBMPX"
  Assets:US:Vanguard:VBMPX                          5.694 VBMPX {84.29 USD, 2020-04-27}
  Assets:US:Vanguard:Cash                         -479.95 USD

2020-04-27 * "Investing 60% of cash in RGAGX"
  Assets:US:Vanguard:RGAGX                          3.846 RGAGX {187.19 USD, 2020-04-27}
  Assets:US:Vanguard:Cash                         -719.93 USD

2020-04-27 * "Investing 40% of cash in VBMPX"
  Assets:US:Vanguard:VBMPX                          2.847 VBMPX {84.29 USD, 2020-04-27}
  Assets:US:Vanguard:Cash                         -239.97 USD

2020-04-27 * "Investing 60% of cash in RGAGX"
  Assets:US:Vanguard:RGAGX                          1.923 RGAGX {187.19 USD, 2020-04-27}
  Assets:US:Vanguard:Cash                         -359.97 USD

2020-05-08 * "Employer match for contribution"
  Assets:US:Vanguard:Cash                          600.00 USD
  Income:US:Hoogle:Match401k                      -600.00 USD

2020-05-11 * "Investing 40% of cash in VBMPX"
  Assets:US:Vanguard:VBMPX                          5.667 VBMPX {84.71 USD, 2020-05-11}
  Assets:US:Vanguard:Cash                         -480.05 USD

2020-05-11 * "Investing 60% of cash in RGAGX"
  Assets:US:Vanguard:RGAGX                          3.824 RGAGX {188.29 USD, 2020-05-11}
  Assets:US:Vanguard:Cash                         -720.02 USD

2020-05-11 * "Investing 40% of cash in VBMPX"
  Assets:US:Vanguard:VBMPX                          2.833 VBMPX {84.71 USD, 2020-05-11}
  Assets:US:Vanguard:Cash                         -239.98 USD

2020-05-11 * "Investing 60% of cash in RGAGX"
  Assets:US:Vanguard:RGAGX                          1.912 RGAGX {188.29 USD, 2020-05-11}
  Assets:US:Vanguard:Cash                         -360.01 USD

2020-05-22 * "Employer match for contribution"
  Assets:US:Vanguard:Cash                          600.00 USD
  Income:US:Hoogle:Match401k                      -600.00 USD

2020-05-25 * "Investing 40% of cash in VBMPX"
  Assets:US:Vanguard:VBMPX                          5.642 VBMPX {85.08 USD, 2020-05-25}
  Assets:US:Vanguard:Cash                         -480.02 USD

2020-05-25 * "Investing 60% of cash in RGAGX"
  Assets:US:Vanguard:RGAGX                          3.748 RGAGX {192.11 USD, 2020-05-25}
  Assets:US:Vanguard:Cash                         -720.03 USD

2020-05-25 * "Investing 40% of cash in VBMPX"
  Assets:US:Vanguard:VBMPX                          2.821 VBMPX {85.08 USD, 2020-05-25}
  Assets:US:Vanguard:Cash                         -240.01 USD

2020-05-25 * "Investing 60% of cash in RGAGX"
  Assets:US:Vanguard:RGAGX                          1.874 RGAGX {192.11 USD, 2020-05-25}
  Assets:US:Vanguard:Cash                         -360.01 USD

2020-06-05 * "Employer match for contribution"
  Assets:US:Vanguard:Cash                          600.00 USD
  Income:US:Hoogle:Match401k                      -600.00 USD

2020-06-08 * "Investing 40% of cash in VBMPX"
  Assets:US:Vanguard:VBMPX                          5.639 VBMPX {85.11 USD, 2020-06-08}
  Assets:US:Vanguard:Cash                         -479.94 USD

2020-06-08 * "Investing 60% of cash in RGAGX"
  Assets:US:Vanguard:RGAGX                          3.667 RGAGX {196.32 USD, 2020-06-08}
  Assets:US:Vanguard:Cash                         -719.91 USD

2020-06-08 * "Investing 40% of cash in VBMPX"
  Assets:US:Vanguard:VBMPX                          2.820 VBMPX {85.11 USD, 2020-06-08}
  Assets:US:Vanguard:Cash                         -240.01 USD

2020-06-08 * "Investing 60% of cash in RGAGX"
  Assets:US:Vanguard:RGAGX                          1.834 RGAGX {196.32 USD, 2020-06-08}
  Assets:US:Vanguard:Cash                         -360.05 USD

2020-06-19 * "Employer match for contribution"
  Assets:US:Vanguard:Cash                          600.00 USD
  Income:US:Hoogle:Match401k                      -600.00 USD

2020-06-22 * "Investing 40% of cash in VBMPX"
  Assets:US:Vanguard:VBMPX                          5.552 VBMPX {86.45 USD, 2020-06-22}
  Assets:US:Vanguard:Cash                         -479.97 USD

2020-06-22 * "Investing 60% of cash in RGAGX"
  Assets:US:Vanguard:RGAGX                          3.588 RGAGX {200.66 USD, 2020-06-22}
  Assets:US:Vanguard:Cash                         -719.97 USD

2020-06-22 * "Investing 40% of cash in VBMPX"
  Assets:US:Vanguard:VBMPX                          2.777 VBMPX {86.45 USD, 2020-06-22}
  Assets:US:Vanguard:Cash                         -240.07 USD

2020-06-22 * "Investing 60% of cash in RGAGX"
  Assets:US:Vanguard:RGAGX                          1.794 RGAGX {200.66 USD, 2020-06-22}
  Assets:US:Vanguard:Cash                         -359.98 USD

2020-07-03 * "Employer match for contribution"
  Assets:US:Vanguard:Cash                          600.00 USD
  Income:US:Hoogle:Match401k                      -600.00 USD

2020-07-06 * "Investing 40% of cash in VBMPX"
  Assets:US:Vanguard:VBMPX                          5.417 VBMPX {88.62 USD, 2020-07-06}
  Assets:US:Vanguard:Cash                         -480.05 USD

2020-07-06 * "Investing 60% of cash in RGAGX"
  Assets:US:Vanguard:RGAGX                          3.613 RGAGX {199.29 USD, 2020-07-06}
  Assets:US:Vanguard:Cash                         -720.03 USD

2020-07-06 * "Investing 40% of cash in VBMPX"
  Assets:US:Vanguard:VBMPX                          2.708 VBMPX {88.62 USD, 2020-07-06}
  Assets:US:Vanguard:Cash                         -239.98 USD

2020-07-06 * "Investing 60% of cash in RGAGX"
  Assets:US:Vanguard:RGAGX                          1.806 RGAGX {199.29 USD, 2020-07-06}
  Assets:US:Vanguard:Cash                         -359.92 USD

2020-07-17 * "Employer match for contribution"
  Assets:US:Vanguard:Cash                          600.00 USD
  Income:US:Hoogle:Match401k                      -600.00 USD

2020-07-20 * "Investing 40% of cash in VBMPX"
  Assets:US:Vanguard:VBMPX                          5.386 VBMPX {89.12 USD, 2020-07-20}
  Assets:US:Vanguard:Cash                         -480.00 USD

2020-07-20 * "Investing 60% of cash in RGAGX"
  Assets:US:Vanguard:RGAGX                          3.621 RGAGX {198.84 USD, 2020-07-20}
  Assets:US:Vanguard:Cash                         -720.00 USD

2020-07-20 * "Investing 40% of cash in VBMPX"
  Assets:US:Vanguard:VBMPX                          2.693 VBMPX {89.12 USD, 2020-07-20}
  Assets:US:Vanguard:Cash                         -240.00 USD

2020-07-20 * "Investing 60% of cash in RGAGX"
  Assets:US:Vanguard:RGAGX                          1.811 RGAGX {198.84 USD, 2020-07-20}
  Assets:US:Vanguard:Cash                         -360.10 USD

2020-07-31 * "Employer match for contribution"
  Assets:US:Vanguard:Cash                          250.00 USD
  Income:US:Hoogle:Match401k                      -250.00 USD

2020-08-03 * "Investing 40% of cash in VBMPX"
  Assets:US:Vanguard:VBMPX                          2.305 VBMPX {86.77 USD, 2020-08-03}
  Assets:US:Vanguard:Cash                         -200.00 USD

2020-08-03 * "Investing 60% of cash in RGAGX"
  Assets:US:Vanguard:RGAGX                          1.492 RGAGX {201.10 USD, 2020-08-03}
  Assets:US:Vanguard:Cash                         -300.04 USD

2020-08-03 * "Investing 40% of cash in VBMPX"
  Assets:US:Vanguard:VBMPX                          1.152 VBMPX {86.77 USD, 2020-08-03}
  Assets:US:Vanguard:Cash                          -99.96 USD

2020-08-03 * "Investing 60% of cash in RGAGX"
  Assets:US:Vanguard:RGAGX                          0.746 RGAGX {201.10 USD, 2020-08-03}
  Assets:US:Vanguard:Cash                         -150.02 USD

2021-01-15 * "Employer match for contribution"
  Assets:US:Vanguard:Cash                          600.00 USD
  Income:US:Hoogle:Match401k                      -600.00 USD

2021-01-18 * "Investing 40% of cash in VBMPX"
  Assets:US:Vanguard:VBMPX                          6.133 VBMPX {78.26 USD, 2021-01-18}
  Assets:US:Vanguard:Cash                         -479.97 USD

2021-01-18 * "Investing 60% of cash in RGAGX"
  Assets:US:Vanguard:RGAGX                          3.431 RGAGX {209.81 USD, 2021-01-18}
  Assets:US:Vanguard:Cash                         -719.86 USD

2021-01-18 * "Investing 40% of cash in VBMPX"
  Assets:US:Vanguard:VBMPX                          3.067 VBMPX {78.26 USD, 2021-01-18}
  Assets:US:Vanguard:Cash                         -240.02 USD

2021-01-18 * "Investing 60% of cash in RGAGX"
  Assets:US:Vanguard:RGAGX                          1.716 RGAGX {209.81 USD, 2021-01-18}
  Assets:US:Vanguard:Cash                         -360.03 USD

2021-01-29 * "Employer match for contribution"
  Assets:US:Vanguard:Cash                          600.00 USD
  Income:US:Hoogle:Match401k                      -600.00 USD

2021-02-01 * "Investing 40% of cash in VBMPX"
  Assets:US:Vanguard:VBMPX                          6.116 VBMPX {78.48 USD, 2021-02-01}
  Assets:US:Vanguard:Cash                         -479.98 USD

2021-02-01 * "Investing 60% of cash in RGAGX"
  Assets:US:Vanguard:RGAGX                          3.362 RGAGX {214.19 USD, 2021-02-01}
  Assets:US:Vanguard:Cash                         -720.11 USD

2021-02-01 * "Investing 40% of cash in VBMPX"
  Assets:US:Vanguard:VBMPX                          3.058 VBMPX {78.48 USD, 2021-02-01}
  Assets:US:Vanguard:Cash                         -239.99 USD

2021-02-01 * "Investing 60% of cash in RGAGX"
  Assets:US:Vanguard:RGAGX                          1.681 RGAGX {214.19 USD, 2021-02-01}
  Assets:US:Vanguard:Cash                         -360.05 USD

2021-02-12 * "Employer match for contribution"
  Assets:US:Vanguard:Cash                          600.00 USD
  Income:US:Hoogle:Match401k                      -600.00 USD

2021-02-15 * "Investing 40% of cash in VBMPX"
  Assets:US:Vanguard:VBMPX                          6.105 VBMPX {78.62 USD, 2021-02-15}
  Assets:US:Vanguard:Cash                         -479.98 USD

2021-02-15 * "Investing 60% of cash in RGAGX"
  Assets:US:Vanguard:RGAGX                          3.369 RGAGX {213.68 USD, 2021-02-15}
  Assets:US:Vanguard:Cash                         -719.89 USD

2021-02-15 * "Investing 40% of cash in VBMPX"
  Assets:US:Vanguard:VBMPX                          3.053 VBMPX {78.62 USD, 2021-02-15}
  Assets:US:Vanguard:Cash                         -240.03 USD

2021-02-15 * "Investing 60% of cash in RGAGX"
  Assets:US:Vanguard:RGAGX                          1.685 RGAGX {213.68 USD, 2021-02-15}
  Assets:US:Vanguard:Cash                         -360.05 USD

2021-02-26 * "Employer match for contribution"
  Assets:US:Vanguard:Cash                          600.00 USD
  Income:US:Hoogle:Match401k                      -600.00 USD

2021-03-01 * "Investing 40% of cash in VBMPX"
  Assets:US:Vanguard:VBMPX                          6.109 VBMPX {78.57 USD, 2021-03-01}
  Assets:US:Vanguard:Cash                         -479.98 USD

2021-03-01 * "Investing 60% of cash in RGAGX"
  Assets:US:Vanguard:RGAGX                          3.355 RGAGX {214.62 USD, 2021-03-01}
  Assets:US:Vanguard:Cash                         -720.05 USD

2021-03-01 * "Investing 40% of cash in VBMPX"
  Assets:US:Vanguard:VBMPX                          3.054 VBMPX {78.57 USD, 2021-03-01}
  Assets:US:Vanguard:Cash                         -239.95 USD

2021-03-01 * "Investing 60% of cash in RGAGX"
  Assets:US:Vanguard:RGAGX                          1.677 RGAGX {214.62 USD, 2021-03-01}
  Assets:US:Vanguard:Cash                         -359.92 USD

2021-03-12 * "Employer match for contribution"
  Assets:US:Vanguard:Cash                          600.00 USD
  Income:US:Hoogle:Match401k                      -600.00 USD

2021-03-15 * "Investing 40% of cash in VBMPX"
  Assets:US:Vanguard:VBMPX                          6.295 VBMPX {76.25 USD, 2021-03-15}
  Assets:US:Vanguard:Cash                         -479.99 USD

2021-03-15 * "Investing 60% of cash in RGAGX"
  Assets:US:Vanguard:RGAGX                          3.356 RGAGX {214.57 USD, 2021-03-15}
  Assets:US:Vanguard:Cash                         -720.10 USD

2021-03-15 * "Investing 40% of cash in VBMPX"
  Assets:US:Vanguard:VBMPX                          3.147 VBMPX {76.25 USD, 2021-03-15}
  Assets:US:Vanguard:Cash                         -239.96 USD

2021-03-15 * "Investing 60% of cash in RGAGX"
  Assets:US:Vanguard:RGAGX                          1.678 RGAGX {214.57 USD, 2021-03-15}
  Assets:US:Vanguard:Cash                         -360.05 USD

2021-03-26 * "Employer match for contribution"
  Assets:US:Vanguard:Cash                          600.00 USD
  Income:US:Hoogle:Match401k                      -600.00 USD

2021-03-29 * "Investing 40% of cash in VBMPX"
  Assets:US:Vanguard:VBMPX                          6.330 VBMPX {75.83 USD, 2021-03-29}
  Assets:US:Vanguard:Cash                         -480.00 USD

2021-03-29 * "Investing 60% of cash in RGAGX"
  Assets:US:Vanguard:RGAGX                          3.350 RGAGX {214.89 USD, 2021-03-29}
  Assets:US:Vanguard:Cash                         -719.88 USD

2021-03-29 * "Investing 40% of cash in VBMPX"
  Assets:US:Vanguard:VBMPX                          3.165 VBMPX {75.83 USD, 2021-03-29}
  Assets:US:Vanguard:Cash                         -240.00 USD

2021-03-29 * "Investing 60% of cash in RGAGX"
  Assets:US:Vanguard:RGAGX                          1.676 RGAGX {214.89 USD, 2021-03-29}
  Assets:US:Vanguard:Cash                         -360.16 USD

2021-04-09 * "Employer match for contribution"
  Assets:US:Vanguard:Cash                          600.00 USD
  Income:US:Hoogle:Match401k                      -600.00 USD

2021-04-12 * "Investing 40% of cash in VBMPX"
  Assets:US:Vanguard:VBMPX                          6.297 VBMPX {76.22 USD, 2021-04-12}
  Assets:US:Vanguard:Cash                         -479.96 USD

2021-04-12 * "Investing 60% of cash in RGAGX"
  Assets:US:Vanguard:RGAGX                          3.338 RGAGX {215.68 USD, 2021-04-12}
  Assets:US:Vanguard:Cash                         -719.94 USD

2021-04-12 * "Investing 40% of cash in VBMPX"
  Assets:US:Vanguard:VBMPX                          3.149 VBMPX {76.22 USD, 2021-04-12}
  Assets:US:Vanguard:Cash                         -240.02 USD

2021-04-12 * "Investing 60% of cash in RGAGX"
  Assets:US:Vanguard:RGAGX                          1.669 RGAGX {215.68 USD, 2021-04-12}
  Assets:US:Vanguard:Cash                         -359.97 USD

2021-04-23 * "Employer match for contribution"
  Assets:US:Vanguard:Cash                          600.00 USD
  Income:US:Hoogle:Match401k                      -600.00 USD

2021-04-26 * "Investing 40% of cash in VBMPX"
  Assets:US:Vanguard:VBMPX                          6.381 VBMPX {75.23 USD, 2021-04-26}
  Assets:US:Vanguard:Cash                         -480.04 USD

2021-04-26 * "Investing 60% of cash in RGAGX"
  Assets:US:Vanguard:RGAGX                          3.375 RGAGX {213.33 USD, 2021-04-26}
  Assets:US:Vanguard:Cash                         -719.99 USD

2021-04-26 * "Investing 40% of cash in VBMPX"
  Assets:US:Vanguard:VBMPX                          3.190 VBMPX {75.23 USD, 2021-04-26}
  Assets:US:Vanguard:Cash                         -239.98 USD

2021-04-26 * "Investing 60% of cash in RGAGX"
  Assets:US:Vanguard:RGAGX                          1.688 RGAGX {213.33 USD, 2021-04-26}
  Assets:US:Vanguard:Cash                         -360.10 USD

2021-05-07 * "Employer match for contribution"
  Assets:US:Vanguard:Cash                          600.00 USD
  Income:US:Hoogle:Match401k                      -600.00 USD

2021-05-10 * "Investing 40% of cash in VBMPX"
  Assets:US:Vanguard:VBMPX                          6.608 VBMPX {72.63 USD, 2021-05-10}
  Assets:US:Vanguard:Cash                         -479.94 USD

2021-05-10 * "Investing 60% of cash in RGAGX"
  Assets:US:Vanguard:RGAGX                          3.405 RGAGX {211.45 USD, 2021-05-10}
  Assets:US:Vanguard:Cash                         -719.99 USD

2021-05-10 * "Investing 40% of cash in VBMPX"
  Assets:US:Vanguard:VBMPX                          3.304 VBMPX {72.63 USD, 2021-05-10}
  Assets:US:Vanguard:Cash                         -239.97 USD

2021-05-10 * "Investing 60% of cash in RGAGX"
  Assets:US:Vanguard:RGAGX                          1.703 RGAGX {211.45 USD, 2021-05-10}
  Assets:US:Vanguard:Cash                         -360.10 USD

2021-05-21 * "Employer match for contribution"
  Assets:US:Vanguard:Cash                          600.00 USD
  Income:US:Hoogle:Match401k                      -600.00 USD

2021-05-24 * "Investing 40% of cash in VBMPX"
  Assets:US:Vanguard:VBMPX                          6.676 VBMPX {71.90 USD, 2021-05-24}
  Assets:US:Vanguard:Cash                         -480.00 USD

2021-05-24 * "Investing 60% of cash in RGAGX"
  Assets:US:Vanguard:RGAGX                          3.382 RGAGX {212.90 USD, 2021-05-24}
  Assets:US:Vanguard:Cash                         -720.03 USD

2021-05-24 * "Investing 40% of cash in VBMPX"
  Assets:US:Vanguard:VBMPX                          3.337 VBMPX {71.90 USD, 2021-05-24}
  Assets:US:Vanguard:Cash                         -239.93 USD

2021-05-24 * "Investing 60% of cash in RGAGX"
  Assets:US:Vanguard:RGAGX                          1.691 RGAGX {212.90 USD, 2021-05-24}
  Assets:US:Vanguard:Cash                         -360.01 USD

2021-06-04 * "Employer match for contribution"
  Assets:US:Vanguard:Cash                          600.00 USD
  Income:US:Hoogle:Match401k                      -600.00 USD

2021-06-07 * "Investing 40% of cash in VBMPX"
  Assets:US:Vanguard:VBMPX                          6.690 VBMPX {71.75 USD, 2021-06-07}
  Assets:US:Vanguard:Cash                         -480.01 USD

2021-06-07 * "Investing 60% of cash in RGAGX"
  Assets:US:Vanguard:RGAGX                          3.365 RGAGX {213.97 USD, 2021-06-07}
  Assets:US:Vanguard:Cash                         -720.01 USD

2021-06-07 * "Investing 40% of cash in VBMPX"
  Assets:US:Vanguard:VBMPX                          3.345 VBMPX {71.75 USD, 2021-06-07}
  Assets:US:Vanguard:Cash                         -240.00 USD

2021-06-07 * "Investing 60% of cash in RGAGX"
  Assets:US:Vanguard:RGAGX                          1.682 RGAGX {213.97 USD, 2021-06-07}
  Assets:US:Vanguard:Cash                         -359.90 USD

2021-06-18 * "Employer match for contribution"
  Assets:US:Vanguard:Cash                          600.00 USD
  Income:US:Hoogle:Match401k                      -600.00 USD

2021-06-21 * "Investing 40% of cash in VBMPX"
  Assets:US:Vanguard:VBMPX                          6.803 VBMPX {70.56 USD, 2021-06-21}
  Assets:US:Vanguard:Cash                         -480.02 USD

2021-06-21 * "Investing 60% of cash in RGAGX"
  Assets:US:Vanguard:RGAGX                          3.369 RGAGX {213.74 USD, 2021-06-21}
  Assets:US:Vanguard:Cash                         -720.09 USD

2021-06-21 * "Investing 40% of cash in VBMPX"
  Assets:US:Vanguard:VBMPX                          3.401 VBMPX {70.56 USD, 2021-06-21}
  Assets:US:Vanguard:Cash                         -239.97 USD

2021-06-21 * "Investing 60% of cash in RGAGX"
  Assets:US:Vanguard:RGAGX                          1.684 RGAGX {213.74 USD, 2021-06-21}
  Assets:US:Vanguard:Cash                         -359.94 USD

2021-07-02 * "Employer match for contribution"
  Assets:US:Vanguard:Cash                          600.00 USD
  Income:US:Hoogle:Match401k                      -600.00 USD

2021-07-05 * "Investing 40% of cash in VBMPX"
  Assets:US:Vanguard:VBMPX                          7.000 VBMPX {68.57 USD, 2021-07-05}
  Assets:US:Vanguard:Cash                         -479.99 USD

2021-07-05 * "Investing 60% of cash in RGAGX"
  Assets:US:Vanguard:RGAGX                          3.315 RGAGX {217.18 USD, 2021-07-05}
  Assets:US:Vanguard:Cash                         -719.95 USD

2021-07-05 * "Investing 40% of cash in VBMPX"
  Assets:US:Vanguard:VBMPX                          3.501 VBMPX {68.57 USD, 2021-07-05}
  Assets:US:Vanguard:Cash                         -240.06 USD

2021-07-05 * "Investing 60% of cash in RGAGX"
  Assets:US:Vanguard:RGAGX                          1.658 RGAGX {217.18 USD, 2021-07-05}
  Assets:US:Vanguard:Cash                         -360.08 USD

2021-07-16 * "Employer match for contribution"
  Assets:US:Vanguard:Cash                          600.00 USD
  Income:US:Hoogle:Match401k                      -600.00 USD

2021-07-19 * "Investing 40% of cash in VBMPX"
  Assets:US:Vanguard:VBMPX                          6.819 VBMPX {70.39 USD, 2021-07-19}
  Assets:US:Vanguard:Cash                         -479.99 USD

2021-07-19 * "Investing 60% of cash in RGAGX"
  Assets:US:Vanguard:RGAGX                          3.326 RGAGX {216.45 USD, 2021-07-19}
  Assets:US:Vanguard:Cash                         -719.91 USD

2021-07-19 * "Investing 40% of cash in VBMPX"
  Assets:US:Vanguard:VBMPX                          3.410 VBMPX {70.39 USD, 2021-07-19}
  Assets:US:Vanguard:Cash                         -240.03 USD

2021-07-19 * "Investing 60% of cash in RGAGX"
  Assets:US:Vanguard:RGAGX                          1.663 RGAGX {216.45 USD, 2021-07-19}
  Assets:US:Vanguard:Cash                         -359.96 USD

2021-07-30 * "Employer match for contribution"
  Assets:US:Vanguard:Cash                          600.00 USD
  Income:US:Hoogle:Match401k                      -600.00 USD

2021-08-02 * "Investing 40% of cash in VBMPX"
  Assets:US:Vanguard:VBMPX                          6.638 VBMPX {72.31 USD, 2021-08-02}
  Assets:US:Vanguard:Cash                         -479.99 USD

2021-08-02 * "Investing 60% of cash in RGAGX"
  Assets:US:Vanguard:RGAGX                          3.393 RGAGX {212.23 USD, 2021-08-02}
  Assets:US:Vanguard:Cash                         -720.10 USD

2021-08-02 * "Investing 40% of cash in VBMPX"
  Assets:US:Vanguard:VBMPX                          3.319 VBMPX {72.31 USD, 2021-08-02}
  Assets:US:Vanguard:Cash                         -240.00 USD

2021-08-02 * "Investing 60% of cash in RGAGX"
  Assets:US:Vanguard:RGAGX                          1.696 RGAGX {212.23 USD, 2021-08-02}
  Assets:US:Vanguard:Cash                         -359.94 USD

2021-08-13 * "Employer match for contribution"
  Assets:US:Vanguard:Cash                          250.00 USD
  Income:US:Hoogle:Match401k                      -250.00 USD

2021-08-16 * "Investing 40% of cash in VBMPX"
  Assets:US:Vanguard:VBMPX                          2.811 VBMPX {71.15 USD, 2021-08-16}
  Assets:US:Vanguard:Cash                         -200.00 USD

2021-08-16 * "Investing 60% of cash in RGAGX"
  Assets:US:Vanguard:RGAGX                          1.380 RGAGX {217.38 USD, 2021-08-16}
  Assets:US:Vanguard:Cash                         -299.98 USD

2021-08-16 * "Investing 40% of cash in VBMPX"
  Assets:US:Vanguard:VBMPX                          1.406 VBMPX {71.15 USD, 2021-08-16}
  Assets:US:Vanguard:Cash                         -100.04 USD

2021-08-16 * "Investing 60% of cash in RGAGX"
  Assets:US:Vanguard:RGAGX                          0.690 RGAGX {217.38 USD, 2021-08-16}
  Assets:US:Vanguard:Cash                         -149.99 USD

2022-01-14 * "Employer match for contribution"
  Assets:US:Vanguard:Cash                          600.00 USD
  Income:US:Hoogle:Match401k                      -600.00 USD

2022-01-17 * "Investing 40% of cash in VBMPX"
  Assets:US:Vanguard:VBMPX                          6.521 VBMPX {73.61 USD, 2022-01-17}
  Assets:US:Vanguard:Cash                         -480.01 USD

2022-01-17 * "Investing 60% of cash in RGAGX"
  Assets:US:Vanguard:RGAGX                          3.250 RGAGX {221.53 USD, 2022-01-17}
  Assets:US:Vanguard:Cash                         -719.97 USD

2022-01-17 * "Investing 40% of cash in VBMPX"
  Assets:US:Vanguard:VBMPX                          3.261 VBMPX {73.61 USD, 2022-01-17}
  Assets:US:Vanguard:Cash                         -240.04 USD

2022-01-17 * "Investing 60% of cash in RGAGX"
  Assets:US:Vanguard:RGAGX                          1.625 RGAGX {221.53 USD, 2022-01-17}
  Assets:US:Vanguard:Cash                         -359.99 USD



* Sources of Income

2020-01-01 open Income:US:Hoogle:Salary                      USD
2020-01-01 open Income:US:Hoogle:GroupTermLife               USD
2020-01-01 open Income:US:Hoogle:Vacation                    VACHR
2020-01-01 open Assets:US:Hoogle:Vacation                    VACHR
2020-01-01 open Expenses:Vacation                               VACHR
2020-01-01 open Expenses:Health:Life:GroupTermLife
2020-01-01 open Expenses:Health:Medical:Insurance
2020-01-01 open Expenses:Health:Dental:Insurance
2020-01-01 open Expenses:Health:Vision:Insurance

2020-01-01 event "employer" "Hoogle, 1600 Amphibious Parkway, River View, CA"

2020-01-02 * "Hoogle" "Payroll"
  Assets:US:BofA:Checking                         1350.60 USD
  Assets:US:Vanguard:Cash                         1200.00 USD
  Income:US:Hoogle:Salary                        -4615.38 USD
  Income:US:Hoogle:GroupTermLife                   -24.32 USD
  Expenses:Health:Life:GroupTermLife                24.32 USD
  Expenses:Health:Dental:Insurance                   2.90 USD
  Expenses:Health:Medical:Insurance                 27.38 USD
  Expenses:Health:Vision:Insurance                  42.30 USD
  Expenses:Taxes:Y2020:US:Medicare                 106.62 USD
  Expenses:Taxes:Y2020:US:Federal                 1062.92 USD
  Expenses:Taxes:Y2020:US:State                    365.08 USD
  Expenses:Taxes:Y2020:US:CityNYC                  174.92 USD
  Expenses:Taxes:Y2020:US:SDI                        1.12 USD
  Expenses:Taxes:Y2020:US:SocSec                   281.54 USD
  Assets:US:Federal:PreTax401k                   -1200.00 IRAUSD
  Expenses:Taxes:Y2020:US:Federal:PreTax401k      1200.00 IRAUSD
  Assets:US:Hoogle:Vacation                             5 VACHR
  Income:US:Hoogle:Vacation                            -5 VACHR

2020-01-16 * "Hoogle" "Payroll"
  Assets:US:BofA:Checking                         1350.60 USD
  Assets:US:Vanguard:Cash                         1200.00 USD
  Income:US:Hoogle:Salary                        -4615.38 USD
  Income:US:Hoogle:GroupTermLife                   -24.32 USD
  Expenses:Health:Life:GroupTermLife                24.32 USD
  Expenses:Health:Dental:Insurance                   2.90 USD
  Expenses:Health:Medical:Insurance                 27.38 USD
  Expenses:Health:Vision:Insurance                  42.30 USD
  Expenses:Taxes:Y2020:US:Medicare                 106.62 USD
  Expenses:Taxes:Y2020:US:Federal                 1062.92 USD
  Expenses:Taxes:Y2020:US:State                    365.08 USD
  Expenses:Taxes:Y2020:US:CityNYC                  174.92 USD
  Expenses:Taxes:Y2020:US:SDI                        1.12 USD
  Expenses:Taxes:Y2020:US:SocSec                   281.54 USD
  Assets:US:Federal:PreTax401k                   -1200.00 IRAUSD
  Expenses:Taxes:Y2020:US:Federal:PreTax401k      1200.00 IRAUSD
  Assets:US:Hoogle:Vacation                             5 VACHR
  Income:US:Hoogle:Vacation                            -5 VACHR

2020-01-30 * "Hoogle" "Payroll"
  Assets:US:BofA:Checking                         1350.60 USD
  Assets:US:Vanguard:Cash                         1200.00 USD
  Income:US:Hoogle:Salary                        -4615.38 USD
  Income:US:Hoogle:GroupTermLife                   -24.32 USD
  Expenses:Health:Life:GroupTermLife                24.32 USD
  Expenses:Health:Dental:Insurance                   2.90 USD
  Expenses:Health:Medical:Insurance                 27.38 USD
  Expenses:Health:Vision:Insurance                  42.30 USD
  Expenses:Taxes:Y2020:US:Medicare                 106.62 USD
  Expenses:Taxes:Y2020:US:Federal                 1062.92 USD
  Expenses:Taxes:Y2020:US:State                    365.08 USD
  Expenses:Taxes:Y2020:US:CityNYC                  174.92 USD
  Expenses:Taxes:Y2020:US:SDI                        1.12 USD
  Expenses:Taxes:Y2020:US:SocSec                   281.54 USD
  Assets:US:Federal:PreTax401k                   -1200.00 IRAUSD
  Expenses:Taxes:Y2020:US:Federal:PreTax401k      1200.00 IRAUSD
  Assets:US:Hoogle:Vacation                             5 VACHR
  Income:US:Hoogle:Vacation                            -5 VACHR

2020-02-13 * "Hoogle" "Payroll"
  Assets:US:BofA:Checking                         1350.60 USD
  Assets:US:Vanguard:Cash                         1200.00 USD
  Income:US:Hoogle:Salary                        -4615.38 USD
  Income:US:Hoogle:GroupTermLife                   -24.32 USD
  Expenses:Health:Life:GroupTermLife                24.32 USD
  Expenses:Health:Dental:Insurance                   2.90 USD
  Expenses:Health:Medical:Insurance                 27.38 USD
  Expenses:Health:Vision:Insurance                  42.30 USD
  Expenses:Taxes:Y2020:US:Medicare                 106.62 USD
  Expenses:Taxes:Y2020:US:Federal                 1062.92 USD
  Expenses:Taxes:Y2020:US:State                    365.08 USD
  Expenses:Taxes:Y2020:US:CityNYC                  174.92 USD
  Expenses:Taxes:Y2020:US:SDI                        1.12 USD
  Expenses:Taxes:Y2020:US:SocSec                   281.54 USD
  Assets:US:Federal:PreTax401k                   -1200.00 IRAUSD
  Expenses:Taxes:Y2020:US:Federal:PreTax401k      1200.00 IRAUSD
  Assets:US:Hoogle:Vacation                             5 VACHR
  Income:US:Hoogle:Vacation                            -5 VACHR

2020-02-27 * "Hoogle" "Payroll"
  Assets:US:BofA:Checking                         1350.60 USD
  Assets:US:Vanguard:Cash                         1200.00 USD
  Income:US:Hoogle:Salary                        -4615.38 USD
  Income:US:Hoogle:GroupTermLife                   -24.32 USD
  Expenses:Health:Life:GroupTermLife                24.32 USD
  Expenses:Health:Dental:Insurance                   2.90 USD
  Expenses:Health:Medical:Insurance                 27.38 USD
  Expenses:Health:Vision:Insurance                  42.30 USD
  Expenses:Taxes:Y2020:US:Medicare                 106.62 USD
  Expenses:Taxes:Y2020:US:Federal                 1062.92 USD
  Expenses:Taxes:Y2020:US:State                    365.08 USD
  Expenses:Taxes:Y2020:US:CityNYC                  174.92 USD
  Expenses:Taxes:Y2020:US:SDI                        1.12 USD
  Expenses:Taxes:Y2020:US:SocSec                   281.54 USD
  Assets:US:Federal:PreTax401k                   -1200.00 IRAUSD
  Expenses:Taxes:Y2020:US:Federal:PreTax401k      1200.00 IRAUSD
  Assets:US:Hoogle:Vacation                             5 VACHR
  Income:US:Hoogle:Vacation                            -5 VACHR

2020-03-12 * "Hoogle" "Payroll"
  Assets:US:BofA:Checking                         1350.60 USD
  Assets:US:Vanguard:Cash                         1200.00 USD
  Income:US:Hoogle:Salary                        -4615.38 USD
  Income:US:Hoogle:GroupTermLife                   -24.32 USD
  Expenses:Health:Life:GroupTermLife                24.32 USD
  Expenses:Health:Dental:Insurance                   2.90 USD
  Expenses:Health:Medical:Insurance                 27.38 USD
  Expenses:Health:Vision:Insurance                  42.30 USD
  Expenses:Taxes:Y2020:US:Medicare                 106.62 USD
  Expenses:Taxes:Y2020:US:Federal                 1062.92 USD
  Expenses:Taxes:Y2020:US:State                    365.08 USD
  Expenses:Taxes:Y2020:US:CityNYC                  174.92 USD
  Expenses:Taxes:Y2020:US:SDI                        1.12 USD
  Expenses:Taxes:Y2020:US:SocSec                   281.54 USD
  Assets:US:Federal:PreTax401k                   -1200.00 IRAUSD
  Expenses:Taxes:Y2020:US:Federal:PreTax401k      1200.00 IRAUSD
  Assets:US:Hoogle:Vacation                             5 VACHR
  Income:US:Hoogle:Vacation                            -5 VACHR

2020-03-26 * "Hoogle" "Payroll"
  Assets:US:BofA:Checking                         1350.60 USD
  Assets:US:Vanguard:Cash                         1200.00 USD
  Income:US:Hoogle:Salary                        -4615.38 USD
  Income:US:Hoogle:GroupTermLife                   -24.32 USD
  Expenses:Health:Life:GroupTermLife                24.32 USD
  Expenses:Health:Dental:Insurance                   2.90 USD
  Expenses:Health:Medical:Insurance                 27.38 USD
  Expenses:Health:Vision:Insurance                  42.30 USD
  Expenses:Taxes:Y2020:US:Medicare                 106.62 USD
  Expenses:Taxes:Y2020:US:Federal                 1062.92 USD
  Expenses:Taxes:Y2020:US:State                    365.08 USD
  Expenses:Taxes:Y2020:US:CityNYC                  174.92 USD
  Expenses:Taxes:Y2020:US:SDI                        1.12 USD
  Expenses:Taxes:Y2020:US:SocSec                   281.54 USD
  Assets:US:Federal:PreTax401k                   -1200.00 IRAUSD
  Expenses:Taxes:Y2020:US:Federal:PreTax401k      1200.00 IRAUSD
  Assets:US:Hoogle:Vacation                             5 VACHR
  Income:US:Hoogle:Vacation                            -5 VACHR

2020-04-09 * "Hoogle" "Payroll"
  Assets:US:BofA:Checking                         1350.60 USD
  Assets:US:Vanguard:Cash                         1200.00 USD
  Income:US:Hoogle:Salary                        -4615.38 USD
  Income:US:Hoogle:GroupTermLife                   -24.32 USD
  Expenses:Health:Life:GroupTermLife                24.32 USD
  Expenses:Health:Dental:Insurance                   2.90 USD
  Expenses:Health:Medical:Insurance                 27.38 USD
  Expenses:Health:Vision:Insurance                  42.30 USD
  Expenses:Taxes:Y2020:US:Medicare                 106.62 USD
  Expenses:Taxes:Y2020:US:Federal                 1062.92 USD
  Expenses:Taxes:Y2020:US:State                    365.08 USD
  Expenses:Taxes:Y2020:US:CityNYC                  174.92 USD
  Expenses:Taxes:Y2020:US:SDI                        1.12 USD
  Expenses:Taxes:Y2020:US:SocSec                   281.54 USD
  Assets:US:Federal:PreTax401k                   -1200.00 IRAUSD
  Expenses:Taxes:Y2020:US:Federal:PreTax401k      1200.00 IRAUSD
  Assets:US:Hoogle:Vacation                             5 VACHR
  Income:US:Hoogle:Vacation                            -5 VACHR

2020-04-23 * "Hoogle" "Payroll"
  Assets:US:BofA:Checking                         1350.60 USD
  Assets:US:Vanguard:Cash                         1200.00 USD
  Income:US:Hoogle:Salary                        -4615.38 USD
  Income:US:Hoogle:GroupTermLife                   -24.32 USD
  Expenses:Health:Life:GroupTermLife                24.32 USD
  Expenses:Health:Dental:Insurance                   2.90 USD
  Expenses:Health:Medical:Insurance                 27.38 USD
  Expenses:Health:Vision:Insurance                  42.30 USD
  Expenses:Taxes:Y2020:US:Medicare                 106.62 USD
  Expenses:Taxes:Y2020:US:Federal                 1062.92 USD
  Expenses:Taxes:Y2020:US:State                    365.08 USD
  Expenses:Taxes:Y2020:US:CityNYC                  174.92 USD
  Expenses:Taxes:Y2020:US:SDI                        1.12 USD
  Expenses:Taxes:Y2020:US:SocSec                   281.54 USD
  Assets:US:Federal:PreTax401k                   -1200.00 IRAUSD
  Expenses:Taxes:Y2020:US:Federal:PreTax401k      1200.00 IRAUSD
  Assets:US:Hoogle:Vacation                             5 VACHR
  Income:US:Hoogle:Vacation                            -5 VACHR

2020-05-07 * "Hoogle" "Payroll"
  Assets:US:BofA:Checking                         1350.60 USD
  Assets:US:Vanguard:Cash                         1200.00 USD
  Income:US:Hoogle:Salary                        -4615.38 USD
  Income:US:Hoogle:GroupTermLife                   -24.32 USD
  Expenses:Health:Life:GroupTermLife                24.32 USD
  Expenses:Health:Dental:Insurance                   2.90 USD
  Expenses:Health:Medical:Insurance                 27.38 USD
  Expenses:Health:Vision:Insurance                  42.30 USD
  Expenses:Taxes:Y2020:US:Medicare                 106.62 USD
  Expenses:Taxes:Y2020:US:Federal                 1062.92 USD
  Expenses:Taxes:Y2020:US:State                    365.08 USD
  Expenses:Taxes:Y2020:US:CityNYC                  174.92 USD
  Expenses:Taxes:Y2020:US:SDI                        1.12 USD
  Expenses:Taxes:Y2020:US:SocSec                   281.54 USD
  Assets:US:Federal:PreTax401k                   -1200.00 IRAUSD
  Expenses:Taxes:Y2020:US:Federal:PreTax401k      1200.00 IRAUSD
  Assets:US:Hoogle:Vacation                             5 VACHR
  Income:US:Hoogle:Vacation                            -5 VACHR

2020-05-21 * "Hoogle" "Payroll"
  Assets:US:BofA:Checking                         1350.60 USD
  Assets:US:Vanguard:Cash                         1200.00 USD
  Income:US:Hoogle:Salary                        -4615.38 USD
  Income:US:Hoogle:GroupTermLife                   -24.32 USD
  Expenses:Health:Life:GroupTermLife                24.32 USD
  Expenses:Health:Dental:Insurance                   2.90 USD
  Expenses:Health:Medical:Insurance                 27.38 USD
  Expenses:Health:Vision:Insurance                  42.30 USD
  Expenses:Taxes:Y2020:US:Medicare                 106.62 USD
  Expenses:Taxes:Y2020:US:Federal                 1062.92 USD
  Expenses:Taxes:Y2020:US:State                    365.08 USD
  Expenses:Taxes:Y2020:US:CityNYC                  174.92 USD
  Expenses:Taxes:Y2020:US:SDI                        1.12 USD
  Expenses:Taxes:Y2020:US:SocSec                   281.54 USD
  Assets:US:Federal:PreTax401k                   -1200.00 IRAUSD
  Expenses:Taxes:Y2020:US:Federal:PreTax401k      1200.00 IRAUSD
  Assets:US:Hoogle:Vacation                             5 VACHR
  Income:US:Hoogle:Vacation                            -5 VACHR

2020-06-04 * "Hoogle" "Payroll"
  Assets:US:BofA:Checking                         1350.60 USD
  Assets:US:Vanguard:Cash                         1200.00 USD
  Income:US:Hoogle:Salary                        -4615.38 USD
  Income:US:Hoogle:GroupTermLife                   -24.32 USD
  Expenses:Health:Life:GroupTermLife                24.32 USD
  Expenses:Health:Dental:Insurance                   2.90 USD
  Expenses:Health:Medical:Insurance                 27.38 USD
  Expenses:Health:Vision:Insurance                  42.30 USD
  Expenses:Taxes:Y2020:US:Medicare                 106.62 USD
  Expenses:Taxes:Y2020:US:Federal                 1062.92 USD
  Expenses:Taxes:Y2020:US:State                    365.08 USD
  Expenses:Taxes:Y2020:US:CityNYC                  174.92 USD
  Expenses:Taxes:Y2020:US:SDI                        1.12 USD
  Expenses:Taxes:Y2020:US:SocSec                   281.54 USD
  Assets:US:Federal:PreTax401k                   -1200.00 IRAUSD
  Expenses:Taxes:Y2020:US:Federal:PreTax401k      1200.00 IRAUSD
  Assets:US:Hoogle:Vacation                             5 VACHR
  Income:US:Hoogle:Vacation                            -5 VACHR

2020-06-18 * "Hoogle" "Payroll"
  Assets:US:BofA:Checking                         1350.60 USD
  Assets:US:Vanguard:Cash                         1200.00 USD
  Income:US:Hoogle:Salary                        -4615.38 USD
  Income:US:Hoogle:GroupTermLife                   -24.32 USD
  Expenses:Health:Life:GroupTermLife                24.32 USD
  Expenses:Health:Dental:Insurance                   2.90 USD
  Expenses:Health:Medical:Insurance                 27.38 USD
  Expenses:Health:Vision:Insurance                  42.30 USD
  Expenses:Taxes:Y2020:US:Medicare                 106.62 USD
  Expenses:Taxes:Y2020:US:Federal                 1062.92 USD
  Expenses:Taxes:Y2020:US:State                    365.08 USD
  Expenses:Taxes:Y2020:US:CityNYC                  174.92 USD
  Expenses:Taxes:Y2020:US:SDI                        1.12 USD
  Expenses:Taxes:Y2020:US:SocSec                   281.54 USD
  Assets:US:Federal:PreTax401k                   -1200.00 IRAUSD
  Expenses:Taxes:Y2020:US:Federal:PreTax401k      1200.00 IRAUSD
  Assets:US:Hoogle:Vacation                             5 VACHR
  Income:US:Hoogle:Vacation                            -5 VACHR

2020-07-02 * "Hoogle" "Payroll"
  Assets:US:BofA:Checking                         1350.60 USD
  Assets:US:Vanguard:Cash                         1200.00 USD
  Income:US:Hoogle:Salary                        -4615.38 USD
  Income:US:Hoogle:GroupTermLife                   -24.32 USD
  Expenses:Health:Life:GroupTermLife                24.32 USD
  Expenses:Health:Dental:Insurance                   2.90 USD
  Expenses:Health:Medical:Insurance                 27.38 USD
  Expenses:Health:Vision:Insurance                  42.30 USD
  Expenses:Taxes:Y2020:US:Medicare                 106.62 USD
  Expenses:Taxes:Y2020:US:Federal                 1062.92 USD
  Expenses:Taxes:Y2020:US:State                    365.08 USD
  Expenses:Taxes:Y2020:US:CityNYC                  174.92 USD
  Expenses:Taxes:Y2020:US:SDI                        1.12 USD
  Expenses:Taxes:Y2020:US:SocSec                   281.54 USD
  Assets:US:Federal:PreTax401k                   -1200.00 IRAUSD
  Expenses:Taxes:Y2020:US:Federal:PreTax401k      1200.00 IRAUSD
  Assets:US:Hoogle:Vacation                             5 VACHR
  Income:US:Hoogle:Vacation                            -5 VACHR

2020-07-16 * "Hoogle" "Payroll"
  Assets:US:BofA:Checking                         1350.60 USD
  Assets:US:Vanguard:Cash                         1200.00 USD
  Income:US:Hoogle:Salary                        -4615.38 USD
  Income:US:Hoogle:GroupTermLife                   -24.32 USD
  Expenses:Health:Life:GroupTermLife                24.32 USD
  Expenses:Health:Dental:Insurance                   2.90 USD
  Expenses:Health:Medical:Insurance                 27.38 USD
  Expenses:Health:Vision:Insurance                  42.30 USD
  Expenses:Taxes:Y2020:US:Medicare                 106.62 USD
  Expenses:Taxes:Y2020:US:Federal                 1062.92 USD
  Expenses:Taxes:Y2020:US:State                    365.08 USD
  Expenses:Taxes:Y2020:US:CityNYC                  174.92 USD
  Expenses:Taxes:Y2020:US:SDI                        1.12 USD
  Expenses:Taxes:Y2020:US:SocSec                   281.54 USD
  Assets:US:Federal:PreTax401k                   -1200.00 IRAUSD
  Expenses:Taxes:Y2020:US:Federal:PreTax401k      1200.00 IRAUSD
  Assets:US:Hoogle:Vacation                             5 VACHR
  Income:US:Hoogle:Vacation                            -5 VACHR

2020-07-30 * "Hoogle" "Payroll"
  Assets:US:BofA:Checking                         2050.60 USD
  Assets:US:Vanguard:Cash                          500.00 USD
  Income:US:Hoogle:Salary                        -4615.38 USD
  Income:US:Hoogle:GroupTermLife                   -24.32 USD
  Expenses:Health:Life:GroupTermLife                24.32 USD
  Expenses:Health:Dental:Insurance                   2.90 USD
  Expenses:Health:Medical:Insurance                 27.38 USD
  Expenses:Health:Vision:Insurance                  42.30 USD
  Expenses:Taxes:Y2020:US:Medicare                 106.62 USD
  Expenses:Taxes:Y2020:US:Federal                 1062.92 USD
  Expenses:Taxes:Y2020:US:State                    365.08 USD
  Expenses:Taxes:Y2020:US:CityNYC                  174.92 USD
  Expenses:Taxes:Y2020:US:SDI                        1.12 USD
  Expenses:Taxes:Y2020:US:SocSec                   281.54 USD
  Assets:US:Federal:PreTax401k                    -500.00 IRAUSD
  Expenses:Taxes:Y2020:US:Federal:PreTax401k       500.00 IRAUSD
  Assets:US:Hoogle:Vacation                             5 VACHR
  Income:US:Hoogle:Vacation                            -5 VACHR

2020-08-13 * "Hoogle" "Payroll"
  Assets:US:BofA:Checking                         2550.60 USD
  Income:US:Hoogle:Salary                        -4615.38 USD
  Income:US:Hoogle:GroupTermLife                   -24.32 USD
  Expenses:Health:Life:GroupTermLife                24.32 USD
  Expenses:Health:Dental:Insurance                   2.90 USD
  Expenses:Health:Medical:Insurance                 27.38 USD
  Expenses:Health:Vision:Insurance                  42.30 USD
  Expenses:Taxes:Y2020:US:Medicare                 106.62 USD
  Expenses:Taxes:Y2020:US:Federal                 1062.92 USD
  Expenses:Taxes:Y2020:US:State                    365.08 USD
  Expenses:Taxes:Y2020:US:CityNYC                  174.92 USD
  Expenses:Taxes:Y2020:US:SDI                        1.12 USD
  Expenses:Taxes:Y2020:US:SocSec                   281.54 USD
  Assets:US:Hoogle:Vacation                             5 VACHR
  Income:US:Hoogle:Vacation                            -5 VACHR

2020-08-27 * "Hoogle" "Payroll"
  Assets:US:BofA:Checking                         2550.60 USD
  Income:US:Hoogle:Salary                        -4615.38 USD
  Income:US:Hoogle:GroupTermLife                   -24.32 USD
  Expenses:Health:Life:GroupTermLife                24.32 USD
  Expenses:Health:Dental:Insurance                   2.90 USD
  Expenses:Health:Medical:Insurance                 27.38 USD
  Expenses:Health:Vision:Insurance                  42.30 USD
  Expenses:Taxes:Y2020:US:Medicare                 106.62 USD
  Expenses:Taxes:Y2020:US:Federal                 1062.92 USD
  Expenses:Taxes:Y2020:US:State                    365.08 USD
  Expenses:Taxes:Y2020:US:CityNYC                  174.92 USD
  Expenses:Taxes:Y2020:US:SDI                        1.12 USD
  Expenses:Taxes:Y2020:US:SocSec                   281.54 USD
  Assets:US:Hoogle:Vacation                             5 VACHR
  Income:US:Hoogle:Vacation                            -5 VACHR

2020-09-10 * "Hoogle" "Payroll"
  Assets:US:BofA:Checking                         2550.60 USD
  Income:US:Hoogle:Salary                        -4615.38 USD
  Income:US:Hoogle:GroupTermLife                   -24.32 USD
  Expenses:Health:Life:GroupTermLife                24.32 USD
  Expenses:Health:Dental:Insurance                   2.90 USD
  Expenses:Health:Medical:Insurance                 27.38 USD
  Expenses:Health:Vision:Insurance                  42.30 USD
  Expenses:Taxes:Y2020:US:Medicare                 106.62 USD
  Expenses:Taxes:Y2020:US:Federal                 1062.92 USD
  Expenses:Taxes:Y2020:US:State                    365.08 USD
  Expenses:Taxes:Y2020:US:CityNYC                  174.92 USD
  Expenses:Taxes:Y2020:US:SDI                        1.12 USD
  Expenses:Taxes:Y2020:US:SocSec                   281.54 USD
  Assets:US:Hoogle:Vacation                             5 VACHR
  Income:US:Hoogle:Vacation                            -5 VACHR

2020-09-24 * "Hoogle" "Payroll"
  Assets:US:BofA:Checking                         2550.60 USD
  Income:US:Hoogle:Salary                        -4615.38 USD
  Income:US:Hoogle:GroupTermLife                   -24.32 USD
  Expenses:Health:Life:GroupTermLife                24.32 USD
  Expenses:Health:Dental:Insurance                   2.90 USD
  Expenses:Health:Medical:Insurance                 27.38 USD
  Expenses:Health:Vision:Insurance                  42.30 USD
  Expenses:Taxes:Y2020:US:Medicare                 106.62 USD
  Expenses:Taxes:Y2020:US:Federal                 1062.92 USD
  Expenses:Taxes:Y2020:US:State                    365.08 USD
  Expenses:Taxes:Y2020:US:CityNYC                  174.92 USD
  Expenses:Taxes:Y2020:US:SDI                        1.12 USD
  Expenses:Taxes:Y2020:US:SocSec                   281.54 USD
  Assets:US:Hoogle:Vacation                             5 VACHR
  Income:US:Hoogle:Vacation                            -5 VACHR

2020-10-08 * "Hoogle" "Payroll"
  Assets:US:BofA:Checking                         2550.60 USD
  Income:US:Hoogle:Salary                        -4615.38 USD
  Income:US:Hoogle:GroupTermLife                   -24.32 USD
  Expenses:Health:Life:GroupTermLife                24.32 USD
  Expenses:Health:Dental:Insurance                   2.90 USD
  Expenses:Health:Medical:Insurance                 27.38 USD
  Expenses:Health:Vision:Insurance                  42.30 USD
  Expenses:Taxes:Y2020:US:Medicare                 106.62 USD
  Expenses:Taxes:Y2020:US:Federal                 1062.92 USD
  Expenses:Taxes:Y2020:US:State                    365.08 USD
  Expenses:Taxes:Y2020:US:CityNYC                  174.92 USD
  Expenses:Taxes:Y2020:US:SDI                        1.12 USD
  Expenses:Taxes:Y2020:US:SocSec                   281.54 USD
  Assets:US:Hoogle:Vacation                             5 VACHR
  Income:US:Hoogle:Vacation                            -5 VACHR

2020-10-22 * "Hoogle" "Payroll"
  Assets:US:BofA:Checking                         2550.60 USD
  Income:US:Hoogle:Salary                        -4615.38 USD
  Income:US:Hoogle:GroupTermLife                   -24.32 USD
  Expenses:Health:Life:GroupTermLife                24.32 USD
  Expenses:Health:Dental:Insurance                   2.90 USD
  Expenses:Health:Medical:Insurance                 27.38 USD
  Expenses:Health:Vision:Insurance                  42.30 USD
  Expenses:Taxes:Y2020:US:Medicare                 106.62 USD
  Expenses:Taxes:Y2020:US:Federal                 1062.92 USD
  Expenses:Taxes:Y2020:US:State                    365.08 USD
  Expenses:Taxes:Y2020:US:CityNYC                  174.92 USD
  Expenses:Taxes:Y2020:US:SDI                        1.12 USD
  Expenses:Taxes:Y2020:US:SocSec                   281.54 USD
  Assets:US:Hoogle:Vacation                             5 VACHR
  Income:US:Hoogle:Vacation                            -5 VACHR

2020-11-05 * "Hoogle" "Payroll"
  Assets:US:BofA:Checking                         2550.60 USD
  Income:US:Hoogle:Salary                        -4615.38 USD
  Income:US:Hoogle:GroupTermLife                   -24.32 USD
  Expenses:Health:Life:GroupTermLife                24.32 USD
  Expenses:Health:Dental:Insurance                   2.90 USD
  Expenses:Health:Medical:Insurance                 27.38 USD
  Expenses:Health:Vision:Insurance                  42.30 USD
  Expenses:Taxes:Y2020:US:Medicare                 106.62 USD
  Expenses:Taxes:Y2020:US:Federal                 1062.92 USD
  Expenses:Taxes:Y2020:US:State                    365.08 USD
  Expenses:Taxes:Y2020:US:CityNYC                  174.92 USD
  Expenses:Taxes:Y2020:US:SDI                        1.12 USD
  Expenses:Taxes:Y2020:US:SocSec                   281.54 USD
  Assets:US:Hoogle:Vacation                             5 VACHR
  Income:US:Hoogle:Vacation                            -5 VACHR

2020-11-19 * "Hoogle" "Payroll"
  Assets:US:BofA:Checking                         2550.60 USD
  Income:US:Hoogle:Salary                        -4615.38 USD
  Income:US:Hoogle:GroupTermLife                   -24.32 USD
  Expenses:Health:Life:GroupTermLife                24.32 USD
  Expenses:Health:Dental:Insurance                   2.90 USD
  Expenses:Health:Medical:Insurance                 27.38 USD
  Expenses:Health:Vision:Insurance                  42.30 USD
  Expenses:Taxes:Y2020:US:Medicare                 106.62 USD
  Expenses:Taxes:Y2020:US:Federal                 1062.92 USD
  Expenses:Taxes:Y2020:US:State                    365.08 USD
  Expenses:Taxes:Y2020:US:CityNYC                  174.92 USD
  Expenses:Taxes:Y2020:US:SDI                        1.12 USD
  Expenses:Taxes:Y2020:US:SocSec                   281.54 USD
  Assets:US:Hoogle:Vacation                             5 VACHR
  Income:US:Hoogle:Vacation                            -5 VACHR

2020-12-03 * "Hoogle" "Payroll"
  Assets:US:BofA:Checking                         2589.06 USD
  Income:US:Hoogle:Salary                        -4615.38 USD
  Income:US:Hoogle:GroupTermLife                   -24.32 USD
  Expenses:Health:Life:GroupTermLife                24.32 USD
  Expenses:Health:Dental:Insurance                   2.90 USD
  Expenses:Health:Medical:Insurance                 27.38 USD
  Expenses:Health:Vision:Insurance                  42.30 USD
  Expenses:Taxes:Y2020:US:Medicare                 106.62 USD
  Expenses:Taxes:Y2020:US:Federal                 1062.92 USD
  Expenses:Taxes:Y2020:US:State                    365.08 USD
  Expenses:Taxes:Y2020:US:CityNYC                  174.92 USD
  Expenses:Taxes:Y2020:US:SDI                        1.12 USD
  Expenses:Taxes:Y2020:US:SocSec                   243.08 USD
  Assets:US:Hoogle:Vacation                             5 VACHR
  Income:US:Hoogle:Vacation                            -5 VACHR

2020-12-17 * "Hoogle" "Payroll"
  Assets:US:BofA:Checking                         2832.14 USD
  Income:US:Hoogle:Salary                        -4615.38 USD
  Income:US:Hoogle:GroupTermLife                   -24.32 USD
  Expenses:Health:Life:GroupTermLife                24.32 USD
  Expenses:Health:Dental:Insurance                   2.90 USD
  Expenses:Health:Medical:Insurance                 27.38 USD
  Expenses:Health:Vision:Insurance                  42.30 USD
  Expenses:Taxes:Y2020:US:Medicare                 106.62 USD
  Expenses:Taxes:Y2020:US:Federal                 1062.92 USD
  Expenses:Taxes:Y2020:US:State                    365.08 USD
  Expenses:Taxes:Y2020:US:CityNYC                  174.92 USD
  Expenses:Taxes:Y2020:US:SDI                        1.12 USD
  Expenses:Taxes:Y2020:US:SocSec                     0.00 USD
  Assets:US:Hoogle:Vacation                             5 VACHR
  Income:US:Hoogle:Vacation                            -5 VACHR

2020-12-31 * "Hoogle" "Payroll"
  Assets:US:BofA:Checking                         2832.14 USD
  Income:US:Hoogle:Salary                        -4615.38 USD
  Income:US:Hoogle:GroupTermLife                   -24.32 USD
  Expenses:Health:Life:GroupTermLife                24.32 USD
  Expenses:Health:Dental:Insurance                   2.90 USD
  Expenses:Health:Medical:Insurance                 27.38 USD
  Expenses:Health:Vision:Insurance                  42.30 USD
  Expenses:Taxes:Y2020:US:Medicare                 106.62 USD
  Expenses:Taxes:Y2020:US:Federal                 1062.92 USD
  Expenses:Taxes:Y2020:US:State                    365.08 USD
  Expenses:Taxes:Y2020:US:CityNYC                  174.92 USD
  Expenses:Taxes:Y2020:US:SDI                        1.12 USD
  Expenses:Taxes:Y2020:US:SocSec                     0.00 USD
  Assets:US:Hoogle:Vacation                             5 VACHR
  Income:US:Hoogle:Vacation                            -5 VACHR

2021-01-14 * "Hoogle" "Payroll"
  Assets:US:BofA:Checking                         1350.60 USD
  Assets:US:Vanguard:Cash                         1200.00 USD
  Income:US:Hoogle:Salary                        -4615.38 USD
  Income:US:Hoogle:GroupTermLife                   -24.32 USD
  Expenses:Health:Life:GroupTermLife                24.32 USD
  Expenses:Health:Dental:Insurance                   2.90 USD
  Expenses:Health:Medical:Insurance                 27.38 USD
  Expenses:Health:Vision:Insurance                  42.30 USD
  Expenses:Taxes:Y2021:US:Medicare                 106.62 USD
  Expenses:Taxes:Y2021:US:Federal                 1062.92 USD
  Expenses:Taxes:Y2021:US:State                    365.08 USD
  Expenses:Taxes:Y2021:US:CityNYC                  174.92 USD
  Expenses:Taxes:Y2021:US:SDI                        1.12 USD
  Expenses:Taxes:Y2021:US:SocSec                   281.54 USD
  Assets:US:Federal:PreTax401k                   -1200.00 IRAUSD
  Expenses:Taxes:Y2021:US:Federal:PreTax401k      1200.00 IRAUSD
  Assets:US:Hoogle:Vacation                             5 VACHR
  Income:US:Hoogle:Vacation                            -5 VACHR

2021-01-28 * "Hoogle" "Payroll"
  Assets:US:BofA:Checking                         1350.60 USD
  Assets:US:Vanguard:Cash                         1200.00 USD
  Income:US:Hoogle:Salary                        -4615.38 USD
  Income:US:Hoogle:GroupTermLife                   -24.32 USD
  Expenses:Health:Life:GroupTermLife                24.32 USD
  Expenses:Health:Dental:Insurance                   2.90 USD
  Expenses:Health:Medical:Insurance                 27.38 USD
  Expenses:Health:Vision:Insurance                  42.30 USD
  Expenses:Taxes:Y2021:US:Medicare                 106.62 USD
  Expenses:Taxes:Y2021:US:Federal                 1062.92 USD
  Expenses:Taxes:Y2021:US:State                    365.08 USD
  Expenses:Taxes:Y2021:US:CityNYC                  174.92 USD
  Expenses:Taxes:Y2021:US:SDI                        1.12 USD
  Expenses:Taxes:Y2021:US:SocSec                   281.54 USD
  Assets:US:Federal:PreTax401k                   -1200.00 IRAUSD
  Expenses:Taxes:Y2021:US:Federal:PreTax401k      1200.00 IRAUSD
  Assets:US:Hoogle:Vacation                             5 VACHR
  Income:US:Hoogle:Vacation                            -5 VACHR

2021-02-11 * "Hoogle" "Payroll"
  Assets:US:BofA:Checking                         1350.60 USD
  Assets:US:Vanguard:Cash                         1200.00 USD
  Income:US:Hoogle:Salary                        -4615.38 USD
  Income:US:Hoogle:GroupTermLife                   -24.32 USD
  Expenses:Health:Life:GroupTermLife                24.32 USD
  Expenses:Health:Dental:Insurance                   2.90 USD
  Expenses:Health:Medical:Insurance                 27.38 USD
  Expenses:Health:Vision:Insurance                  42.30 USD
  Expenses:Taxes:Y2021:US:Medicare                 106.62 USD
  Expenses:Taxes:Y2021:US:Federal                 1062.92 USD
  Expenses:Taxes:Y2021:US:State                    365.08 USD
  Expenses:Taxes:Y2021:US:CityNYC                  174.92 USD
  Expenses:Taxes:Y2021:US:SDI                        1.12 USD
  Expenses:Taxes:Y2021:US:SocSec                   281.54 USD
  Assets:US:Federal:PreTax401k                   -1200.00 IRAUSD
  Expenses:Taxes:Y2021:US:Federal:PreTax401k      1200.00 IRAUSD
  Assets:US:Hoogle:Vacation                             5 VACHR
  Income:US:Hoogle:Vacation                            -5 VACHR

2021-02-25 * "Hoogle" "Payroll"
  Assets:US:BofA:Checking                         1350.60 USD
  Assets:US:Vanguard:Cash                         1200.00 USD
  Income:US:Hoogle:Salary                        -4615.38 USD
  Income:US:Hoogle:GroupTermLife                   -24.32 USD
  Expenses:Health:Life:GroupTermLife                24.32 USD
  Expenses:Health:Dental:Insurance                   2.90 USD
  Expenses:Health:Medical:Insurance                 27.38 USD
  Expenses:Health:Vision:Insurance                  42.30 USD
  Expenses:Taxes:Y2021:US:Medicare                 106.62 USD
  Expenses:Taxes:Y2021:US:Federal                 1062.92 USD
  Expenses:Taxes:Y2021:US:State                    365.08 USD
  Expenses:Taxes:Y2021:US:CityNYC                  174.92 USD
  Expenses:Taxes:Y2021:US:SDI                        1.12 USD
  Expenses:Taxes:Y2021:US:SocSec                   281.54 USD
  Assets:US:Federal:PreTax401k                   -1200.00 IRAUSD
  Expenses:Taxes:Y2021:US:Federal:PreTax401k      1200.00 IRAUSD
  Assets:US:Hoogle:Vacation                             5 VACHR
  Income:US:Hoogle:Vacation                            -5 VACHR

2021-03-11 * "Hoogle" "Payroll"
  Assets:US:BofA:Checking                         1350.60 USD
  Assets:US:Vanguard:Cash                         1200.00 USD
  Income:US:Hoogle:Salary                        -4615.38 USD
  Income:US:Hoogle:GroupTermLife                   -24.32 USD
  Expenses:Health:Life:GroupTermLife                24.32 USD
  Expenses:Health:Dental:Insurance                   2.90 USD
  Expenses:Health:Medical:Insurance                 27.38 USD
  Expenses:Health:Vision:Insurance                  42.30 USD
  Expenses:Taxes:Y2021:US:Medicare                 106.62 USD
  Expenses:Taxes:Y2021:US:Federal                 1062.92 USD
  Expenses:Taxes:Y2021:US:State                    365.08 USD
  Expenses:Taxes:Y2021:US:CityNYC                  174.92 USD
  Expenses:Taxes:Y2021:US:SDI                        1.12 USD
  Expenses:Taxes:Y2021:US:SocSec                   281.54 USD
  Assets:US:Federal:PreTax401k                   -1200.00 IRAUSD
  Expenses:Taxes:Y2021:US:Federal:PreTax401k      1200.00 IRAUSD
  Assets:US:Hoogle:Vacation                             5 VACHR
  Income:US:Hoogle:Vacation                            -5 VACHR

2021-03-25 * "Hoogle" "Payroll"
  Assets:US:BofA:Checking                         1350.60 USD
  Assets:US:Vanguard:Cash                         1200.00 USD
  Income:US:Hoogle:Salary                        -4615.38 USD
  Income:US:Hoogle:GroupTermLife                   -24.32 USD
  Expenses:Health:Life:GroupTermLife                24.32 USD
  Expenses:Health:Dental:Insurance                   2.90 USD
  Expenses:Health:Medical:Insurance                 27.38 USD
  Expenses:Health:Vision:Insurance                  42.30 USD
  Expenses:Taxes:Y2021:US:Medicare                 106.62 USD
  Expenses:Taxes:Y2021:US:Federal                 1062.92 USD
  Expenses:Taxes:Y2021:US:State                    365.08 USD
  Expenses:Taxes:Y2021:US:CityNYC                  174.92 USD
  Expenses:Taxes:Y2021:US:SDI                        1.12 USD
  Expenses:Taxes:Y2021:US:SocSec                   281.54 USD
  Assets:US:Federal:PreTax401k                   -1200.00 IRAUSD
  Expenses:Taxes:Y2021:US:Federal:PreTax401k      1200.00 IRAUSD
  Assets:US:Hoogle:Vacation                             5 VACHR
  Income:US:Hoogle:Vacation                            -5 VACHR

2021-04-08 * "Hoogle" "Payroll"
  Assets:US:BofA:Checking                         1350.60 USD
  Assets:US:Vanguard:Cash                         1200.00 USD
  Income:US:Hoogle:Salary                        -4615.38 USD
  Income:US:Hoogle:GroupTermLife                   -24.32 USD
  Expenses:Health:Life:GroupTermLife                24.32 USD
  Expenses:Health:Dental:Insurance                   2.90 USD
  Expenses:Health:Medical:Insurance                 27.38 USD
  Expenses:Health:Vision:Insurance                  42.30 USD
  Expenses:Taxes:Y2021:US:Medicare                 106.62 USD
  Expenses:Taxes:Y2021:US:Federal                 1062.92 USD
  Expenses:Taxes:Y2021:US:State                    365.08 USD
  Expenses:Taxes:Y2021:US:CityNYC                  174.92 USD
  Expenses:Taxes:Y2021:US:SDI                        1.12 USD
  Expenses:Taxes:Y2021:US:SocSec                   281.54 USD
  Assets:US:Federal:PreTax401k                   -1200.00 IRAUSD
  Expenses:Taxes:Y2021:US:Federal:PreTax401k      1200.00 IRAUSD
  Assets:US:Hoogle:Vacation                             5 VACHR
  Income:US:Hoogle:Vacation                            -5 VACHR

2021-04-22 * "Hoogle" "Payroll"
  Assets:US:BofA:Checking                         1350.60 USD
  Assets:US:Vanguard:Cash                         1200.00 USD
  Income:US:Hoogle:Salary                        -4615.38 USD
  Income:US:Hoogle:GroupTermLife                   -24.32 USD
  Expenses:Health:Life:GroupTermLife                24.32 USD
  Expenses:Health:Dental:Insurance                   2.90 USD
  Expenses:Health:Medical:Insurance                 27.38 USD
  Expenses:Health:Vision:Insurance                  42.30 USD
  Expenses:Taxes:Y2021:US:Medicare                 106.62 USD
  Expenses:Taxes:Y2021:US:Federal                 1062.92 USD
  Expenses:Taxes:Y2021:US:State                    365.08 USD
  Expenses:Taxes:Y2021:US:CityNYC                  174.92 USD
  Expenses:Taxes:Y2021:US:SDI                        1.12 USD
  Expenses:Taxes:Y2021:US:SocSec                   281.54 USD
  Assets:US:Federal:PreTax401k                   -1200.00 IRAUSD
  Expenses:Taxes:Y2021:US:Federal:PreTax401k      1200.00 IRAUSD
  Assets:US:Hoogle:Vacation                             5 VACHR
  Income:US:Hoogle:Vacation                            -5 VACHR

2021-05-06 * "Hoogle" "Payroll"
  Assets:US:BofA:Checking                         1350.60 USD
  Assets:US:Vanguard:Cash                         1200.00 USD
  Income:US:Hoogle:Salary                        -4615.38 USD
  Income:US:Hoogle:GroupTermLife                   -24.32 USD
  Expenses:Health:Life:GroupTermLife                24.32 USD
  Expenses:Health:Dental:Insurance                   2.90 USD
  Expenses:Health:Medical:Insurance                 27.38 USD
  Expenses:Health:Vision:Insurance                  42.30 USD
  Expenses:Taxes:Y2021:US:Medicare                 106.62 USD
  Expenses:Taxes:Y2021:US:Federal                 1062.92 USD
  Expenses:Taxes:Y2021:US:State                    365.08 USD
  Expenses:Taxes:Y2021:US:CityNYC                  174.92 USD
  Expenses:Taxes:Y2021:US:SDI                        1.12 USD
  Expenses:Taxes:Y2021:US:SocSec                   281.54 USD
  Assets:US:Federal:PreTax401k                   -1200.00 IRAUSD
  Expenses:Taxes:Y2021:US:Federal:PreTax401k      1200.00 IRAUSD
  Assets:US:Hoogle:Vacation                             5 VACHR
  Income:US:Hoogle:Vacation                            -5 VACHR

2021-05-20 * "Hoogle" "Payroll"
  Assets:US:BofA:Checking                         1350.60 USD
  Assets:US:Vanguard:Cash                         1200.00 USD
  Income:US:Hoogle:Salary                        -4615.38 USD
  Income:US:Hoogle:GroupTermLife                   -24.32 USD
  Expenses:Health:Life:GroupTermLife                24.32 USD
  Expenses:Health:Dental:Insurance                   2.90 USD
  Expenses:Health:Medical:Insurance                 27.38 USD
  Expenses:Health:Vision:Insurance                  42.30 USD
  Expenses:Taxes:Y2021:US:Medicare                 106.62 USD
  Expenses:Taxes:Y2021:US:Federal                 1062.92 USD
  Expenses:Taxes:Y2021:US:State                    365.08 USD
  Expenses:Taxes:Y2021:US:CityNYC                  174.92 USD
  Expenses:Taxes:Y2021:US:SDI                        1.12 USD
  Expenses:Taxes:Y2021:US:SocSec                   281.54 USD
  Assets:US:Federal:PreTax401k                   -1200.00 IRAUSD
  Expenses:Taxes:Y2021:US:Federal:PreTax401k      1200.00 IRAUSD
  Assets:US:Hoogle:Vacation                             5 VACHR
  Income:US:Hoogle:Vacation                            -5 VACHR

2021-06-03 * "Hoogle" "Payroll"
  Assets:US:BofA:Checking                         1350.60 USD
  Assets:US:Vanguard:Cash                         1200.00 USD
  Income:US:Hoogle:Salary                        -4615.38 USD
  Income:US:Hoogle:GroupTermLife                   -24.32 USD
  Expenses:Health:Life:GroupTermLife                24.32 USD
  Expenses:Health:Dental:Insurance                   2.90 USD
  Expenses:Health:Medical:Insurance                 27.38 USD
  Expenses:Health:Vision:Insurance                  42.30 USD
  Expenses:Taxes:Y2021:US:Medicare                 106.62 USD
  Expenses:Taxes:Y2021:US:Federal                 1062.92 USD
  Expenses:Taxes:Y2021:US:State                    365.08 USD
  Expenses:Taxes:Y2021:US:CityNYC                  174.92 USD
  Expenses:Taxes:Y2021:US:SDI                        1.12 USD
  Expenses:Taxes:Y2021:US:SocSec                   281.54 USD
  Assets:US:Federal:PreTax401k                   -1200.00 IRAUSD
  Expenses:Taxes:Y2021:US:Federal:PreTax401k      1200.00 IRAUSD
  Assets:US:Hoogle:Vacation                             5 VACHR
  Income:US:Hoogle:Vacation                            -5 VACHR

2021-06-17 * "Hoogle" "Payroll"
  Assets:US:BofA:Checking                         1350.60 USD
  Assets:US:Vanguard:Cash                         1200.00 USD
  Income:US:Hoogle:Salary                        -4615.38 USD
  Income:US:Hoogle:GroupTermLife                   -24.32 USD
  Expenses:Health:Life:GroupTermLife                24.32 USD
  Expenses:Health:Dental:Insurance                   2.90 USD
  Expenses:Health:Medical:Insurance                 27.38 USD
  Expenses:Health:Vision:Insurance                  42.30 USD
  Expenses:Taxes:Y2021:US:Medicare                 106.62 USD
  Expenses:Taxes:Y2021:US:Federal                 1062.92 USD
  Expenses:Taxes:Y2021:US:State                    365.08 USD
  Expenses:Taxes:Y2021:US:CityNYC                  174.92 USD
  Expenses:Taxes:Y2021:US:SDI                        1.12 USD
  Expenses:Taxes:Y2021:US:SocSec                   281.54 USD
  Assets:US:Federal:PreTax401k                   -1200.00 IRAUSD
  Expenses:Taxes:Y2021:US:Federal:PreTax401k      1200.00 IRAUSD
  Assets:US:Hoogle:Vacation                             5 VACHR
  Income:US:Hoogle:Vacation                            -5 VACHR

2021-07-01 * "Hoogle" "Payroll"
  Assets:US:BofA:Checking                         1350.60 USD
  Assets:US:Vanguard:Cash                         1200.00 USD
  Income:US:Hoogle:Salary                        -4615.38 USD
  Income:US:Hoogle:GroupTermLife                   -24.32 USD
  Expenses:Health:Life:GroupTermLife                24.32 USD
  Expenses:Health:Dental:Insurance                   2.90 USD
  Expenses:Health:Medical:Insurance                 27.38 USD
  Expenses:Health:Vision:Insurance                  42.30 USD
  Expenses:Taxes:Y2021:US:Medicare                 106.62 USD
  Expenses:Taxes:Y2021:US:Federal                 1062.92 USD
  Expenses:Taxes:Y2021:US:State                    365.08 USD
  Expenses:Taxes:Y2021:US:CityNYC                  174.92 USD
  Expenses:Taxes:Y2021:US:SDI                        1.12 USD
  Expenses:Taxes:Y2021:US:SocSec                   281.54 USD
  Assets:US:Federal:PreTax401k                   -1200.00 IRAUSD
  Expenses:Taxes:Y2021:US:Federal:PreTax401k      1200.00 IRAUSD
  Assets:US:Hoogle:Vacation                             5 VACHR
  Income:US:Hoogle:Vacation                            -5 VACHR

2021-07-15 * "Hoogle" "Payroll"
  Assets:US:BofA:Checking                         1350.60 USD
  Assets:US:Vanguard:Cash                         1200.00 USD
  Income:US:Hoogle:Salary                        -4615.38 USD
  Income:US:Hoogle:GroupTermLife                   -24.32 USD
  Expenses:Health:Life:GroupTermLife                24.32 USD
  Expenses:Health:Dental:Insurance                   2.90 USD
  Expenses:Health:Medical:Insurance                 27.38 USD
  Expenses:Health:Vision:Insurance                  42.30 USD
  Expenses:Taxes:Y2021:US:Medicare                 106.62 USD
  Expenses:Taxes:Y2021:US:Federal                 1062.92 USD
  Expenses:Taxes:Y2021:US:State                    365.08 USD
  Expenses:Taxes:Y2021:US:CityNYC                  174.92 USD
  Expenses:Taxes:Y2021:US:SDI                        1.12 USD
  Expenses:Taxes:Y2021:US:SocSec                   281.54 USD
  Assets:US:Federal:PreTax401k                   -1200.00 IRAUSD
  Expenses:Taxes:Y2021:US:Federal:PreTax401k      1200.00 IRAUSD
  Assets:US:Hoogle:Vacation                             5 VACHR
  Income:US:Hoogle:Vacation                            -5 VACHR

2021-07-29 * "Hoogle" "Payroll"
  Assets:US:BofA:Checking                         1350.60 USD
  Assets:US:Vanguard:Cash                         1200.00 USD
  Income:US:Hoogle:Salary                        -4615.38 USD
  Income:US:Hoogle:GroupTermLife                   -24.32 USD
  Expenses:Health:Life:GroupTermLife                24.32 USD
  Expenses:Health:Dental:Insurance                   2.90 USD
  Expenses:Health:Medical:Insurance                 27.38 USD
  Expenses:Health:Vision:Insurance                  42.30 USD
  Expenses:Taxes:Y2021:US:Medicare                 106.62 USD
  Expenses:Taxes:Y2021:US:Federal                 1062.92 USD
  Expenses:Taxes:Y2021:US:State                    365.08 USD
  Expenses:Taxes:Y2021:US:CityNYC                  174.92 USD
  Expenses:Taxes:Y2021:US:SDI                        1.12 USD
  Expenses:Taxes:Y2021:US:SocSec                   281.54 USD
  Assets:US:Federal:PreTax401k                   -1200.00 IRAUSD
  Expenses:Taxes:Y2021:US:Federal:PreTax401k      1200.00 IRAUSD
  Assets:US:Hoogle:Vacation                             5 VACHR
  Income:US:Hoogle:Vacation                            -5 VACHR

2021-08-12 * "Hoogle" "Payroll"
  Assets:US:BofA:Checking                         2050.60 USD
  Assets:US:Vanguard:Cash                          500.00 USD
  Income:US:Hoogle:Salary                        -4615.38 USD
  Income:US:Hoogle:GroupTermLife                   -24.32 USD
  Expenses:Health:Life:GroupTermLife                24.32 USD
  Expenses:Health:Dental:Insurance                   2.90 USD
  Expenses:Health:Medical:Insurance                 27.38 USD
  Expenses:Health:Vision:Insurance                  42.30 USD
  Expenses:Taxes:Y2021:US:Medicare                 106.62 USD
  Expenses:Taxes:Y2021:US:Federal                 1062.92 USD
  Expenses:Taxes:Y2021:US:State                    365.08 USD
  Expenses:Taxes:Y2021:US:CityNYC                  174.92 USD
  Expenses:Taxes:Y2021:US:SDI                        1.12 USD
  Expenses:Taxes:Y2021:US:SocSec                   281.54 USD
  Assets:US:Federal:PreTax401k                    -500.00 IRAUSD
  Expenses:Taxes:Y2021:US:Federal:PreTax401k       500.00 IRAUSD
  Assets:US:Hoogle:Vacation                             5 VACHR
  Income:US:Hoogle:Vacation                            -5 VACHR

2021-08-26 * "Hoogle" "Payroll"
  Assets:US:BofA:Checking                         2550.60 USD
  Income:US:Hoogle:Salary                        -4615.38 USD
  Income:US:Hoogle:GroupTermLife                   -24.32 USD
  Expenses:Health:Life:GroupTermLife                24.32 USD
  Expenses:Health:Dental:Insurance                   2.90 USD
  Expenses:Health:Medical:Insurance                 27.38 USD
  Expenses:Health:Vision:Insurance                  42.30 USD
  Expenses:Taxes:Y2021:US:Medicare                 106.62 USD
  Expenses:Taxes:Y2021:US:Federal                 1062.92 USD
  Expenses:Taxes:Y2021:US:State                    365.08 USD
  Expenses:Taxes:Y2021:US:CityNYC                  174.92 USD
  Expenses:Taxes:Y2021:US:SDI                        1.12 USD
  Expenses:Taxes:Y2021:US:SocSec                   281.54 USD
  Assets:US:Hoogle:Vacation                             5 VACHR
  Income:US:Hoogle:Vacation                            -5 VACHR

2021-09-09 * "Hoogle" "Payroll"
  Assets:US:BofA:Checking                         2550.60 USD
  Income:US:Hoogle:Salary                        -4615.38 USD
  Income:US:Hoogle:GroupTermLife                   -24.32 USD
  Expenses:Health:Life:GroupTermLife                24.32 USD
  Expenses:Health:Dental:Insurance                   2.90 USD
  Expenses:Health:Medical:Insurance                 27.38 USD
  Expenses:Health:Vision:Insurance                  42.30 USD
  Expenses:Taxes:Y2021:US:Medicare                 106.62 USD
  Expenses:Taxes:Y2021:US:Federal                 1062.92 USD
  Expenses:Taxes:Y2021:US:State                    365.08 USD
  Expenses:Taxes:Y2021:US:CityNYC                  174.92 USD
  Expenses:Taxes:Y2021:US:SDI                        1.12 USD
  Expenses:Taxes:Y2021:US:SocSec                   281.54 USD
  Assets:US:Hoogle:Vacation                             5 VACHR
  Income:US:Hoogle:Vacation                            -5 VACHR

2021-09-23 * "Hoogle" "Payroll"
  Assets:US:BofA:Checking                         2550.60 USD
  Income:US:Hoogle:Salary                        -4615.38 USD
  Income:US:Hoogle:GroupTermLife                   -24.32 USD
  Expenses:Health:Life:GroupTermLife                24.32 USD
  Expenses:Health:Dental:Insurance                   2.90 USD
  Expenses:Health:Medical:Insurance                 27.38 USD
  Expenses:Health:Vision:Insurance                  42.30 USD
  Expenses:Taxes:Y2021:US:Medicare                 106.62 USD
  Expenses:Taxes:Y2021:US:Federal                 1062.92 USD
  Expenses:Taxes:Y2021:US:State                    365.08 USD
  Expenses:Taxes:Y2021:US:CityNYC                  174.92 USD
  Expenses:Taxes:Y2021:US:SDI                        1.12 USD
  Expenses:Taxes:Y2021:US:SocSec                   281.54 USD
  Assets:US:Hoogle:Vacation                             5 VACHR
  Income:US:Hoogle:Vacation                            -5 VACHR

2021-10-07 * "Hoogle" "Payroll"
  Assets:US:BofA:Checking                         2550.60 USD
  Income:US:Hoogle:Salary                        -4615.38 USD
  Income:US:Hoogle:GroupTermLife                   -24.32 USD
  Expenses:Health:Life:GroupTermLife                24.32 USD
  Expenses:Health:Dental:Insurance                   2.90 USD
  Expenses:Health:Medical:Insurance                 27.38 USD
  Expenses:Health:Vision:Insurance                  42.30 USD
  Expenses:Taxes:Y2021:US:Medicare                 106.62 USD
  Expenses:Taxes:Y2021:US:Federal                 1062.92 USD
  Expenses:Taxes:Y2021:US:State                    365.08 USD
  Expenses:Taxes:Y2021:US:CityNYC                  174.92 USD
  Expenses:Taxes:Y2021:US:SDI                        1.12 USD
  Expenses:Taxes:Y2021:US:SocSec                   281.54 USD
  Assets:US:Hoogle:Vacation                             5 VACHR
  Income:US:Hoogle:Vacation                            -5 VACHR

2021-10-21 * "Hoogle" "Payroll"
  Assets:US:BofA:Checking                         2550.60 USD
  Income:US:Hoogle:Salary                        -4615.38 USD
  Income:US:Hoogle:GroupTermLife                   -24.32 USD
  Expenses:Health:Life:GroupTermLife                24.32 USD
  Expenses:Health:Dental:Insurance                   2.90 USD
  Expenses:Health:Medical:Insurance                 27.38 USD
  Expenses:Health:Vision:Insurance                  42.30 USD
  Expenses:Taxes:Y2021:US:Medicare                 106.62 USD
  Expenses:Taxes:Y2021:US:Federal                 1062.92 USD
  Expenses:Taxes:Y2021:US:State                    365.08 USD
  Expenses:Taxes:Y2021:US:CityNYC                  174.92 USD
  Expenses:Taxes:Y2021:US:SDI                        1.12 USD
  Expenses:Taxes:Y2021:US:SocSec                   281.54 USD
  Assets:US:Hoogle:Vacation                             5 VACHR
  Income:US:Hoogle:Vacation                            -5 VACHR

2021-11-04 * "Hoogle" "Payroll"
  Assets:US:BofA:Checking                         2550.60 USD
  Income:US:Hoogle:Salary                        -4615.38 USD
  Income:US:Hoogle:GroupTermLife                   -24.32 USD
  Expenses:Health:Life:GroupTermLife                24.32 USD
  Expenses:Health:Dental:Insurance                   2.90 USD
  Expenses:Health:Medical:Insurance                 27.38 USD
  Expenses:Health:Vision:Insurance                  42.30 USD
  Expenses:Taxes:Y2021:US:Medicare                 106.62 USD
  Expenses:Taxes:Y2021:US:Federal                 1062.92 USD
  Expenses:Taxes:Y2021:US:State                    365.08 USD
  Expenses:Taxes:Y2021:US:CityNYC                  174.92 USD
  Expenses:Taxes:Y2021:US:SDI                        1.12 USD
  Expenses:Taxes:Y2021:US:SocSec                   281.54 USD
  Assets:US:Hoogle:Vacation                             5 VACHR
  Income:US:Hoogle:Vacation                            -5 VACHR

2021-11-18 * "Hoogle" "Payroll"
  Assets:US:BofA:Checking                         2550.60 USD
  Income:US:Hoogle:Salary                        -4615.38 USD
  Income:US:Hoogle:GroupTermLife                   -24.32 USD
  Expenses:Health:Life:GroupTermLife                24.32 USD
  Expenses:Health:Dental:Insurance                   2.90 USD
  Expenses:Health:Medical:Insurance                 27.38 USD
  Expenses:Health:Vision:Insurance                  42.30 USD
  Expenses:Taxes:Y2021:US:Medicare                 106.62 USD
  Expenses:Taxes:Y2021:US:Federal                 1062.92 USD
  Expenses:Taxes:Y2021:US:State                    365.08 USD
  Expenses:Taxes:Y2021:US:CityNYC                  174.92 USD
  Expenses:Taxes:Y2021:US:SDI                        1.12 USD
  Expenses:Taxes:Y2021:US:SocSec                   281.54 USD
  Assets:US:Hoogle:Vacation                             5 VACHR
  Income:US:Hoogle:Vacation                            -5 VACHR

2021-12-02 * "Hoogle" "Payroll"
  Assets:US:BofA:Checking                         2550.60 USD
  Income:US:Hoogle:Salary                        -4615.38 USD
  Income:US:Hoogle:GroupTermLife                   -24.32 USD
  Expenses:Health:Life:GroupTermLife                24.32 USD
  Expenses:Health:Dental:Insurance                   2.90 USD
  Expenses:Health:Medical:Insurance                 27.38 USD
  Expenses:Health:Vision:Insurance                  42.30 USD
  Expenses:Taxes:Y2021:US:Medicare                 106.62 USD
  Expenses:Taxes:Y2021:US:Federal                 1062.92 USD
  Expenses:Taxes:Y2021:US:State                    365.08 USD
  Expenses:Taxes:Y2021:US:CityNYC                  174.92 USD
  Expenses:Taxes:Y2021:US:SDI                        1.12 USD
  Expenses:Taxes:Y2021:US:SocSec                   281.54 USD
  Assets:US:Hoogle:Vacation                             5 VACHR
  Income:US:Hoogle:Vacation                            -5 VACHR

2021-12-16 * "Hoogle" "Payroll"
  Assets:US:BofA:Checking                         2589.06 USD
  Income:US:Hoogle:Salary                        -4615.38 USD
  Income:US:Hoogle:GroupTermLife                   -24.32 USD
  Expenses:Health:Life:GroupTermLife                24.32 USD
  Expenses:Health:Dental:Insurance                   2.90 USD
  Expenses:Health:Medical:Insurance                 27.38 USD
  Expenses:Health:Vision:Insurance                  42.30 USD
  Expenses:Taxes:Y2021:US:Medicare                 106.62 USD
  Expenses:Taxes:Y2021:US:Federal                 1062.92 USD
  Expenses:Taxes:Y2021:US:State                    365.08 USD
  Expenses:Taxes:Y2021:US:CityNYC                  174.92 USD
  Expenses:Taxes:Y2021:US:SDI                        1.12 USD
  Expenses:Taxes:Y2021:US:SocSec                   243.08 USD
  Assets:US:Hoogle:Vacation                             5 VACHR
  Income:US:Hoogle:Vacation                            -5 VACHR

2021-12-30 * "Hoogle" "Payroll"
  Assets:US:BofA:Checking                         2832.14 USD
  Income:US:Hoogle:Salary                        -4615.38 USD
  Income:US:Hoogle:GroupTermLife                   -24.32 USD
  Expenses:Health:Life:GroupTermLife                24.32 USD
  Expenses:Health:Dental:Insurance                   2.90 USD
  Expenses:Health:Medical:Insurance                 27.38 USD
  Expenses:Health:Vision:Insurance                  42.30 USD
  Expenses:Taxes:Y2021:US:Medicare                 106.62 USD
  Expenses:Taxes:Y2021:US:Federal                 1062.92 USD
  Expenses:Taxes:Y2021:US:State                    365.08 USD
  Expenses:Taxes:Y2021:US:CityNYC                  174.92 USD
  Expenses:Taxes:Y2021:US:SDI                        1.12 USD
  Expenses:Taxes:Y2021:US:SocSec                     0.00 USD
  Assets:US:Hoogle:Vacation                             5 VACHR
  Income:US:Hoogle:Vacation                            -5 VACHR

2022-01-13 * "Hoogle" "Payroll"
  Assets:US:BofA:Checking                         1350.60 USD
  Assets:US:Vanguard:Cash                         1200.00 USD
  Income:US:Hoogle:Salary                        -4615.38 USD
  Income:US:Hoogle:GroupTermLife                   -24.32 USD
  Expenses:Health:Life:GroupTermLife                24.32 USD
  Expenses:Health:Dental:Insurance                   2.90 USD
  Expenses:Health:Medical:Insurance                 27.38 USD
  Expenses:Health:Vision:Insurance                  42.30 USD
  Expenses:Taxes:Y2022:US:Medicare                 106.62 USD
  Expenses:Taxes:Y2022:US:Federal                 1062.92 USD
  Expenses:Taxes:Y2022:US:State                    365.08 USD
  Expenses:Taxes:Y2022:US:CityNYC                  174.92 USD
  Expenses:Taxes:Y2022:US:SDI                        1.12 USD
  Expenses:Taxes:Y2022:US:SocSec                   281.54 USD
  Assets:US:Federal:PreTax401k                   -1200.00 IRAUSD
  Expenses:Taxes:Y2022:US:Federal:PreTax401k      1200.00 IRAUSD
  Assets:US:Hoogle:Vacation                             5 VACHR
  Income:US:Hoogle:Vacation                            -5 VACHR



* Taxes

1980-05-12 open Income:US:Federal:PreTax401k                    IRAUSD
1980-05-12 open Assets:US:Federal:PreTax401k                    IRAUSD



** Tax Year 2020

2020-01-01 open Expenses:Taxes:Y2020:US:Federal:PreTax401k      IRAUSD
2020-01-01 open Expenses:Taxes:Y2020:US:Medicare                USD
2020-01-01 open Expenses:Taxes:Y2020:US:Federal                 USD
2020-01-01 open Expenses:Taxes:Y2020:US:CityNYC                 USD
2020-01-01 open Expenses:Taxes:Y2020:US:SDI                     USD
2020-01-01 open Expenses:Taxes:Y2020:US:State                   USD
2020-01-01 open Expenses:Taxes:Y2020:US:SocSec                  USD

2020-01-01 balance Assets:US:Federal:PreTax401k         0 IRAUSD

2020-01-01 * "Allowed contributions for one year"
  Income:US:Federal:PreTax401k                     -18500 IRAUSD
  Assets:US:Federal:PreTax401k                      18500 IRAUSD

2021-03-24 * "Filing taxes for 2020"
  Expenses:Taxes:Y2020:US:Federal                  573.33 USD
  Expenses:Taxes:Y2020:US:State                    372.07 USD
  Liabilities:AccountsPayable                     -945.40 USD

2021-03-27 * "FEDERAL TAXPYMT"
  Assets:US:BofA:Checking                         -573.33 USD
  Liabilities:AccountsPayable                      573.33 USD

2021-03-28 * "STATE TAX & FINANC PYMT"
  Assets:US:BofA:Checking                         -372.07 USD
  Liabilities:AccountsPayable                      372.07 USD



** Tax Year 2021

2021-01-01 open Expenses:Taxes:Y2021:US:Federal:PreTax401k      IRAUSD
2021-01-01 open Expenses:Taxes:Y2021:US:Medicare                USD
2021-01-01 open Expenses:Taxes:Y2021:US:Federal                 USD
2021-01-01 open Expenses:Taxes:Y2021:US:CityNYC                 USD
2021-01-01 open Expenses:Taxes:Y2021:US:SDI                     USD
2021-01-01 open Expenses:Taxes:Y2021:US:State                   USD
2021-01-01 open Expenses:Taxes:Y2021:US:SocSec                  USD

2021-01-01 balance Assets:US:Federal:PreTax401k         0 IRAUSD

2021-01-01 * "Allowed contributions for one year"
  Income:US:Federal:PreTax401k                     -18500 IRAUSD
  Assets:US:Federal:PreTax401k                      18500 IRAUSD



** Tax Year 2022

2022-01-01 open Expenses:Taxes:Y2022:US:Federal:PreTax401k      IRAUSD
2022-01-01 open Expenses:Taxes:Y2022:US:Medicare                USD
2022-01-01 open Expenses:Taxes:Y2022:US:Federal                 USD
2022-01-01 open Expenses:Taxes:Y2022:US:CityNYC                 USD
2022-01-01 open Expenses:Taxes:Y2022:US:SDI                     USD
2022-01-01 open Expenses:Taxes:Y2022:US:State                   USD
2022-01-01 open Expenses:Taxes:Y2022:US:SocSec                  USD

2022-01-01 balance Assets:US:Federal:PreTax401k         0 IRAUSD

2022-01-01 * "Allowed contributions for one year"
  Income:US:Federal:PreTax401k                     -18500 IRAUSD
  Assets:US:Federal:PreTax401k                      18500 IRAUSD



* Expenses

1980-05-12 open Expenses:Food:Groceries
1980-05-12 open Expenses:Food:Restaurant
1980-05-12 open Expenses:Food:Coffee
1980-05-12 open Expenses:Food:Alcohol
1980-05-12 open Expenses:Transport:Tram
1980-05-12 open Expenses:Home:Rent
1980-05-12 open Expenses:Home:Electricity
1980-05-12 open Expenses:Home:Internet
1980-05-12 open Expenses:Home:Phone
1980-05-12 open Expenses:Financial:Fees
1980-05-12 open Expenses:Financial:Commissions



* Prices

2020-01-03 price VBMPX                              84.82 USD
2020-01-03 price RGAGX                             174.90 USD
2020-01-03 price ITOT                              116.78 USD
2020-01-03 price VEA                               127.47 USD
2020-01-03 price VHT                               109.90 USD
2020-01-03 price GLD                               167.25 USD
2020-01-10 price VBMPX                              84.92 USD
2020-01-10 price RGAGX                             177.90 USD
2020-01-10 price ITOT                              116.80 USD
2020-01-10 price VEA                               126.91 USD
2020-01-10 price VHT                               110.14 USD
2020-01-10 price GLD                               168.13 USD
2020-01-17 price VBMPX                              85.03 USD
2020-01-17 price RGAGX                             179.21 USD
2020-01-17 price ITOT                              114.11 USD
2020-01-17 price VEA                               128.09 USD
2020-01-17 price VHT                               109.02 USD
2020-01-17 price GLD                               169.73 USD
2020-01-24 price VBMPX                              82.31 USD
2020-01-24 price RGAGX                             180.30 USD
2020-01-24 price ITOT                              115.85 USD
2020-01-24 price VEA                               128.79 USD
2020-01-24 price VHT                               109.69 USD
2020-01-24 price GLD                               171.57 USD
2020-01-31 price VBMPX                              84.64 USD
2020-01-31 price RGAGX                             180.11 USD
2020-01-31 price ITOT                              118.03 USD
2020-01-31 price VEA                               130.08 USD
2020-01-31 price VHT                               109.76 USD
2020-01-31 price GLD                               172.46 USD
2020-02-07 price VBMPX                              84.60 USD
2020-02-07 price RGAGX                             179.64 USD
2020-02-07 price ITOT                              119.78 USD
2020-02-07 price VEA                               129.59 USD
2020-02-07 price VHT                               110.15 USD
2020-02-07 price GLD                               168.92 USD
2020-02-14 price VBMPX                              84.51 USD
2020-02-14 price RGAGX                             179.11 USD
2020-02-14 price ITOT                              122.30 USD
2020-02-14 price VEA                               129.54 USD
2020-02-14 price VHT                               110.45 USD
2020-02-14 price GLD                               170.33 USD
2020-02-21 price VBMPX                              84.68 USD
2020-02-21 price RGAGX                             178.98 USD
2020-02-21 price ITOT                              122.16 USD
2020-02-21 price VEA                               130.94 USD
2020-02-21 price VHT                               111.37 USD
2020-02-21 price GLD                               174.08 USD
2020-02-28 price VBMPX                              84.73 USD
2020-02-28 price RGAGX                             180.49 USD
2020-02-28 price ITOT                              119.87 USD
2020-02-28 price VEA                               131.56 USD
2020-02-28 price VHT                               110.55 USD
2020-02-28 price GLD                               176.09 USD
2020-03-06 price VBMPX                              83.98 USD
2020-03-06 price RGAGX                             182.88 USD
2020-03-06 price ITOT                              118.23 USD
2020-03-06 price VEA                               133.03 USD
2020-03-06 price VHT                               110.99 USD
2020-03-06 price GLD                               178.75 USD
2020-03-13 price VBMPX                              86.23 USD
2020-03-13 price RGAGX                             183.11 USD
2020-03-13 price ITOT                              120.75 USD
2020-03-13 price VEA                               132.22 USD
2020-03-13 price VHT                               110.93 USD
2020-03-13 price GLD                               177.56 USD
2020-03-20 price VBMPX                              86.18 USD
2020-03-20 price RGAGX                             184.13 USD
2020-03-20 price ITOT                              123.50 USD
2020-03-20 price VEA                               132.68 USD
2020-03-20 price VHT                               111.93 USD
2020-03-20 price GLD                               176.16 USD
2020-03-27 price VBMPX                              84.92 USD
2020-03-27 price RGAGX                             185.16 USD
2020-03-27 price ITOT                              123.66 USD
2020-03-27 price VEA                               133.70 USD
2020-03-27 price VHT                               113.55 USD
2020-03-27 price GLD                               170.51 USD
2020-04-03 price VBMPX                              85.36 USD
2020-04-03 price RGAGX                             185.40 USD
2020-04-03 price ITOT                              124.03 USD
2020-04-03 price VEA                               133.87 USD
2020-04-03 price VHT                               114.71 USD
2020-04-03 price GLD                               171.14 USD
2020-04-10 price VBMPX                              84.19 USD
2020-04-10 price RGAGX                             186.08 USD
2020-04-10 price ITOT                              123.99 USD
2020-04-10 price VEA                               134.16 USD
2020-04-10 price VHT                               116.08 USD
2020-04-10 price GLD                               173.76 USD
2020-04-17 price VBMPX                              83.68 USD
2020-04-17 price RGAGX                             186.92 USD
2020-04-17 price ITOT                              123.11 USD
2020-04-17 price VEA                               133.95 USD
2020-04-17 price VHT                               115.93 USD
2020-04-17 price GLD                               175.48 USD
2020-04-24 price VBMPX                              84.29 USD
2020-04-24 price RGAGX                             187.19 USD
2020-04-24 price ITOT                              122.67 USD
2020-04-24 price VEA                               133.66 USD
2020-04-24 price VHT                               115.65 USD
2020-04-24 price GLD                               175.29 USD
2020-05-01 price VBMPX                              83.22 USD
2020-05-01 price RGAGX                             187.86 USD
2020-05-01 price ITOT                              122.61 USD
2020-05-01 price VEA                               132.77 USD
2020-05-01 price VHT                               115.79 USD
2020-05-01 price GLD                               177.25 USD
2020-05-08 price VBMPX                              84.71 USD
2020-05-08 price RGAGX                             188.29 USD
2020-05-08 price ITOT                              122.97 USD
2020-05-08 price VEA                               132.12 USD
2020-05-08 price VHT                               115.61 USD
2020-05-08 price GLD                               177.34 USD
2020-05-15 price VBMPX                              85.26 USD
2020-05-15 price RGAGX                             190.79 USD
2020-05-15 price ITOT                              119.55 USD
2020-05-15 price VEA                               132.45 USD
2020-05-15 price VHT                               114.61 USD
2020-05-15 price GLD                               176.37 USD
2020-05-22 price VBMPX                              85.08 USD
2020-05-22 price RGAGX                             192.11 USD
2020-05-22 price ITOT                              121.72 USD
2020-05-22 price VEA                               132.66 USD
2020-05-22 price VHT                               115.45 USD
2020-05-22 price GLD                               180.32 USD
2020-05-29 price VBMPX                              86.12 USD
2020-05-29 price RGAGX                             195.99 USD
2020-05-29 price ITOT                              123.40 USD
2020-05-29 price VEA                               133.69 USD
2020-05-29 price VHT                               116.22 USD
2020-05-29 price GLD                               186.43 USD
2020-06-05 price VBMPX                              85.11 USD
2020-06-05 price RGAGX                             196.32 USD
2020-06-05 price ITOT                              127.15 USD
2020-06-05 price VEA                               133.59 USD
2020-06-05 price VHT                               116.48 USD
2020-06-05 price GLD                               184.63 USD
2020-06-12 price VBMPX                              84.99 USD
2020-06-12 price RGAGX                             199.11 USD
2020-06-12 price ITOT                              126.84 USD
2020-06-12 price VEA                               134.85 USD
2020-06-12 price VHT                               116.72 USD
2020-06-12 price GLD                               180.26 USD
2020-06-19 price VBMPX                              86.45 USD
2020-06-19 price RGAGX                             200.66 USD
2020-06-19 price ITOT                              126.84 USD
2020-06-19 price VEA                               135.40 USD
2020-06-19 price VHT                               117.15 USD
2020-06-19 price GLD                               177.44 USD
2020-06-26 price VBMPX                              86.90 USD
2020-06-26 price RGAGX                             198.45 USD
2020-06-26 price ITOT                              129.29 USD
2020-06-26 price VEA                               135.74 USD
2020-06-26 price VHT                               116.69 USD
2020-06-26 price GLD                               173.90 USD
2020-07-03 price VBMPX                              88.62 USD
2020-07-03 price RGAGX                             199.29 USD
2020-07-03 price ITOT                              131.13 USD
2020-07-03 price VEA                               136.74 USD
2020-07-03 price VHT                               117.85 USD
2020-07-03 price GLD                               176.03 USD
2020-07-10 price VBMPX                              90.01 USD
2020-07-10 price RGAGX                             199.17 USD
2020-07-10 price ITOT                              133.43 USD
2020-07-10 price VEA                               136.81 USD
2020-07-10 price VHT                               117.01 USD
2020-07-10 price GLD                               179.66 USD
2020-07-17 price VBMPX                              89.12 USD
2020-07-17 price RGAGX                             198.84 USD
2020-07-17 price ITOT                              133.70 USD
2020-07-17 price VEA                               136.19 USD
2020-07-17 price VHT                               117.26 USD
2020-07-17 price GLD                               179.54 USD
2020-07-24 price VBMPX                              88.81 USD
2020-07-24 price RGAGX                             201.91 USD
2020-07-24 price ITOT                              133.98 USD
2020-07-24 price VEA                               136.11 USD
2020-07-24 price VHT                               116.65 USD
2020-07-24 price GLD                               181.48 USD
2020-07-31 price VBMPX                              86.77 USD
2020-07-31 price RGAGX                             201.10 USD
2020-07-31 price ITOT                              133.23 USD
2020-07-31 price VEA                               136.29 USD
2020-07-31 price VHT                               118.12 USD
2020-07-31 price GLD                               176.10 USD
2020-08-07 price VBMPX                              85.46 USD
2020-08-07 price RGAGX                             202.68 USD
2020-08-07 price ITOT                              129.42 USD
2020-08-07 price VEA                               135.77 USD
2020-08-07 price VHT                               117.74 USD
2020-08-07 price GLD                               173.85 USD
2020-08-14 price VBMPX                              83.63 USD
2020-08-14 price RGAGX                             202.30 USD
2020-08-14 price ITOT                              130.32 USD
2020-08-14 price VEA                               135.41 USD
2020-08-14 price VHT                               118.66 USD
2020-08-14 price GLD                               177.24 USD
2020-08-21 price VBMPX                              84.59 USD
2020-08-21 price RGAGX                             205.22 USD
2020-08-21 price ITOT                              129.95 USD
2020-08-21 price VEA                               135.24 USD
2020-08-21 price VHT                               118.10 USD
2020-08-21 price GLD                               178.28 USD
2020-08-28 price VBMPX                              85.08 USD
2020-08-28 price RGAGX                             203.29 USD
2020-08-28 price ITOT                              132.31 USD
2020-08-28 price VEA                               134.64 USD
2020-08-28 price VHT                               118.64 USD
2020-08-28 price GLD                               180.99 USD
2020-09-04 price VBMPX                              84.93 USD
2020-09-04 price RGAGX                             203.93 USD
2020-09-04 price ITOT                              133.20 USD
2020-09-04 price VEA                               133.43 USD
2020-09-04 price VHT                               119.32 USD
2020-09-04 price GLD                               177.34 USD
2020-09-11 price VBMPX                              83.91 USD
2020-09-11 price RGAGX                             207.20 USD
2020-09-11 price ITOT                              133.76 USD
2020-09-11 price VEA                               132.04 USD
2020-09-11 price VHT                               120.10 USD
2020-09-11 price GLD                               180.57 USD
2020-09-18 price VBMPX                              83.29 USD
2020-09-18 price RGAGX                             206.17 USD
2020-09-18 price ITOT                              133.41 USD
2020-09-18 price VEA                               131.81 USD
2020-09-18 price VHT                               120.42 USD
2020-09-18 price GLD                               180.03 USD
2020-09-25 price VBMPX                              83.46 USD
2020-09-25 price RGAGX                             207.96 USD
2020-09-25 price ITOT                              133.22 USD
2020-09-25 price VEA                               133.00 USD
2020-09-25 price VHT                               120.85 USD
2020-09-25 price GLD                               181.73 USD
2020-10-02 price VBMPX                              82.58 USD
2020-10-02 price RGAGX                             206.44 USD
2020-10-02 price ITOT                              133.80 USD
2020-10-02 price VEA                               132.80 USD
2020-10-02 price VHT                               120.70 USD
2020-10-02 price GLD                               185.44 USD
2020-10-09 price VBMPX                              81.75 USD
2020-10-09 price RGAGX                             204.80 USD
2020-10-09 price ITOT                              132.68 USD
2020-10-09 price VEA                               133.48 USD
2020-10-09 price VHT                               122.36 USD
2020-10-09 price GLD                               190.67 USD
2020-10-16 price VBMPX                              83.32 USD
2020-10-16 price RGAGX                             203.40 USD
2020-10-16 price ITOT                              131.33 USD
2020-10-16 price VEA                               134.02 USD
2020-10-16 price VHT                               123.32 USD
2020-10-16 price GLD                               188.42 USD
2020-10-23 price VBMPX                              83.78 USD
2020-10-23 price RGAGX                             204.63 USD
2020-10-23 price ITOT                              130.09 USD
2020-10-23 price VEA                               134.44 USD
2020-10-23 price VHT                               124.11 USD
2020-10-23 price GLD                               188.25 USD
2020-10-30 price VBMPX                              83.00 USD
2020-10-30 price RGAGX                             204.99 USD
2020-10-30 price ITOT                              131.61 USD
2020-10-30 price VEA                               134.25 USD
2020-10-30 price VHT                               123.85 USD
2020-10-30 price GLD                               180.15 USD
2020-11-06 price VBMPX                              82.33 USD
2020-11-06 price RGAGX                             206.53 USD
2020-11-06 price ITOT                              134.01 USD
2020-11-06 price VEA                               134.81 USD
2020-11-06 price VHT                               124.23 USD
2020-11-06 price GLD                               179.53 USD
2020-11-13 price VBMPX                              82.67 USD
2020-11-13 price RGAGX                             209.13 USD
2020-11-13 price ITOT                              132.77 USD
2020-11-13 price VEA                               135.33 USD
2020-11-13 price VHT                               125.69 USD
2020-11-13 price GLD                               177.59 USD
2020-11-20 price VBMPX                              82.50 USD
2020-11-20 price RGAGX                             207.28 USD
2020-11-20 price ITOT                              130.88 USD
2020-11-20 price VEA                               135.26 USD
2020-11-20 price VHT                               125.57 USD
2020-11-20 price GLD                               180.94 USD
2020-11-27 price VBMPX                              81.31 USD
2020-11-27 price RGAGX                             206.18 USD
2020-11-27 price ITOT                              133.02 USD
2020-11-27 price VEA                               133.40 USD
2020-11-27 price VHT                               124.91 USD
2020-11-27 price GLD                               178.79 USD
2020-12-04 price VBMPX                              81.26 USD
2020-12-04 price RGAGX                             208.10 USD
2020-12-04 price ITOT                              133.44 USD
2020-12-04 price VEA                               133.92 USD
2020-12-04 price VHT                               123.78 USD
2020-12-04 price GLD                               178.67 USD
2020-12-11 price VBMPX                              80.19 USD
2020-12-11 price RGAGX                             207.24 USD
2020-12-11 price ITOT                              131.94 USD
2020-12-11 price VEA                               133.82 USD
2020-12-11 price VHT                               123.49 USD
2020-12-11 price GLD                               175.92 USD
2020-12-18 price VBMPX                              79.22 USD
2020-12-18 price RGAGX                             206.71 USD
2020-12-18 price ITOT                              132.84 USD
2020-12-18 price VEA                               134.48 USD
2020-12-18 price VHT                               123.94 USD
2020-12-18 price GLD                               174.07 USD
2020-12-25 price VBMPX                              78.23 USD
2020-12-25 price RGAGX                             206.02 USD
2020-12-25 price ITOT                              129.49 USD
2020-12-25 price VEA                               136.62 USD
2020-12-25 price VHT                               124.09 USD
2020-12-25 price GLD                               173.73 USD
2021-01-01 price VBMPX                              77.77 USD
2021-01-01 price RGAGX                             207.32 USD
2021-01-01 price ITOT                              127.81 USD
2021-01-01 price VEA                               136.44 USD
2021-01-01 price VHT                               125.10 USD
2021-01-01 price GLD                               179.02 USD
2021-01-08 price VBMPX                              78.37 USD
2021-01-08 price RGAGX                             207.24 USD
2021-01-08 price ITOT                              129.31 USD
2021-01-08 price VEA                               139.49 USD
2021-01-08 price VHT                               125.04 USD
2021-01-08 price GLD                               174.82 USD
2021-01-15 price VBMPX                              78.26 USD
2021-01-15 price RGAGX                             209.81 USD
2021-01-15 price ITOT                              129.70 USD
2021-01-15 price VEA                               139.44 USD
2021-01-15 price VHT                               124.73 USD
2021-01-15 price GLD                               175.93 USD
2021-01-22 price VBMPX                              79.03 USD
2021-01-22 price RGAGX                             209.27 USD
2021-01-22 price ITOT                              130.67 USD
2021-01-22 price VEA                               141.19 USD
2021-01-22 price VHT                               124.53 USD
2021-01-22 price GLD                               178.76 USD
2021-01-29 price VBMPX                              78.48 USD
2021-01-29 price RGAGX                             214.19 USD
2021-01-29 price ITOT                              131.73 USD
2021-01-29 price VEA                               141.16 USD
2021-01-29 price VHT                               125.10 USD
2021-01-29 price GLD                               181.33 USD
2021-02-05 price VBMPX                              78.58 USD
2021-02-05 price RGAGX                             213.27 USD
2021-02-05 price ITOT                              128.00 USD
2021-02-05 price VEA                               140.05 USD
2021-02-05 price VHT                               125.35 USD
2021-02-05 price GLD                               176.30 USD
2021-02-12 price VBMPX                              78.62 USD
2021-02-12 price RGAGX                             213.68 USD
2021-02-12 price ITOT                              127.88 USD
2021-02-12 price VEA                               139.63 USD
2021-02-12 price VHT                               125.40 USD
2021-02-12 price GLD                               177.78 USD
2021-02-19 price VBMPX                              78.31 USD
2021-02-19 price RGAGX                             214.02 USD
2021-02-19 price ITOT                              127.70 USD
2021-02-19 price VEA                               141.10 USD
2021-02-19 price VHT                               124.99 USD
2021-02-19 price GLD                               177.59 USD
2021-02-26 price VBMPX                              78.57 USD
2021-02-26 price RGAGX                             214.62 USD
2021-02-26 price ITOT                              127.88 USD
2021-02-26 price VEA                               141.58 USD
2021-02-26 price VHT                               125.40 USD
2021-02-26 price GLD                               176.72 USD
2021-03-05 price VBMPX                              78.94 USD
2021-03-05 price RGAGX                             212.49 USD
2021-03-05 price ITOT                              127.00 USD
2021-03-05 price VEA                               140.94 USD
2021-03-05 price VHT                               125.76 USD
2021-03-05 price GLD                               177.75 USD
2021-03-12 price VBMPX                              76.25 USD
2021-03-12 price RGAGX                             214.57 USD
2021-03-12 price ITOT                              128.93 USD
2021-03-12 price VEA                               140.20 USD
2021-03-12 price VHT                               125.88 USD
2021-03-12 price GLD                               178.57 USD
2021-03-19 price VBMPX                              75.45 USD
2021-03-19 price RGAGX                             212.95 USD
2021-03-19 price ITOT                              128.68 USD
2021-03-19 price VEA                               138.82 USD
2021-03-19 price VHT                               126.57 USD
2021-03-19 price GLD                               181.58 USD
2021-03-26 price VBMPX                              75.83 USD
2021-03-26 price RGAGX                             214.89 USD
2021-03-26 price ITOT                              129.68 USD
2021-03-26 price VEA                               139.27 USD
2021-03-26 price VHT                               127.59 USD
2021-03-26 price GLD                               181.51 USD
2021-04-02 price VBMPX                              76.88 USD
2021-04-02 price RGAGX                             215.94 USD
2021-04-02 price ITOT                              129.98 USD
2021-04-02 price VEA                               138.20 USD
2021-04-02 price VHT                               127.47 USD
2021-04-02 price GLD                               178.47 USD
2021-04-09 price VBMPX                              76.22 USD
2021-04-09 price RGAGX                             215.68 USD
2021-04-09 price ITOT                              130.86 USD
2021-04-09 price VEA                               137.89 USD
2021-04-09 price VHT                               127.37 USD
2021-04-09 price GLD                               181.07 USD
2021-04-16 price VBMPX                              76.26 USD
2021-04-16 price RGAGX                             215.86 USD
2021-04-16 price ITOT                              128.96 USD
2021-04-16 price VEA                               139.92 USD
2021-04-16 price VHT                               127.20 USD
2021-04-16 price GLD                               178.27 USD
2021-04-23 price VBMPX                              75.23 USD
2021-04-23 price RGAGX                             213.33 USD
2021-04-23 price ITOT                              129.54 USD
2021-04-23 price VEA                               139.85 USD
2021-04-23 price VHT                               127.45 USD
2021-04-23 price GLD                               177.53 USD
2021-04-30 price VBMPX                              73.75 USD
2021-04-30 price RGAGX                             212.94 USD
2021-04-30 price ITOT                              131.22 USD
2021-04-30 price VEA                               139.91 USD
2021-04-30 price VHT                               129.30 USD
2021-04-30 price GLD                               177.69 USD
2021-05-07 price VBMPX                              72.63 USD
2021-05-07 price RGAGX                             211.45 USD
2021-05-07 price ITOT                              130.61 USD
2021-05-07 price VEA                               140.83 USD
2021-05-07 price VHT                               130.15 USD
2021-05-07 price GLD                               180.80 USD
2021-05-14 price VBMPX                              72.53 USD
2021-05-14 price RGAGX                             212.57 USD
2021-05-14 price ITOT                              127.11 USD
2021-05-14 price VEA                               143.33 USD
2021-05-14 price VHT                               130.74 USD
2021-05-14 price GLD                               176.15 USD
2021-05-21 price VBMPX                              71.90 USD
2021-05-21 price RGAGX                             212.90 USD
2021-05-21 price ITOT                              126.90 USD
2021-05-21 price VEA                               143.96 USD
2021-05-21 price VHT                               129.91 USD
2021-05-21 price GLD                               176.54 USD
2021-05-28 price VBMPX                              72.58 USD
2021-05-28 price RGAGX                             214.05 USD
2021-05-28 price ITOT                              126.40 USD
2021-05-28 price VEA                               143.69 USD
2021-05-28 price VHT                               130.85 USD
2021-05-28 price GLD                               185.26 USD
2021-06-04 price VBMPX                              71.75 USD
2021-06-04 price RGAGX                             213.97 USD
2021-06-04 price ITOT                              126.55 USD
2021-06-04 price VEA                               145.25 USD
2021-06-04 price VHT                               131.63 USD
2021-06-04 price GLD                               193.14 USD
2021-06-11 price VBMPX                              71.56 USD
2021-06-11 price RGAGX                             212.89 USD
2021-06-11 price ITOT                              128.56 USD
2021-06-11 price VEA                               145.24 USD
2021-06-11 price VHT                               131.96 USD
2021-06-11 price GLD                               197.65 USD
2021-06-18 price VBMPX                              70.56 USD
2021-06-18 price RGAGX                             213.74 USD
2021-06-18 price ITOT                              128.02 USD
2021-06-18 price VEA                               146.52 USD
2021-06-18 price VHT                               131.65 USD
2021-06-18 price GLD                               194.47 USD
2021-06-25 price VBMPX                              69.77 USD
2021-06-25 price RGAGX                             214.97 USD
2021-06-25 price ITOT                              133.12 USD
2021-06-25 price VEA                               146.22 USD
2021-06-25 price VHT                               133.23 USD
2021-06-25 price GLD                               192.39 USD
2021-07-02 price VBMPX                              68.57 USD
2021-07-02 price RGAGX                             217.18 USD
2021-07-02 price ITOT                              133.22 USD
2021-07-02 price VEA                               146.95 USD
2021-07-02 price VHT                               134.41 USD
2021-07-02 price GLD                               197.41 USD
2021-07-09 price VBMPX                              69.88 USD
2021-07-09 price RGAGX                             216.64 USD
2021-07-09 price ITOT                              135.44 USD
2021-07-09 price VEA                               148.07 USD
2021-07-09 price VHT                               133.89 USD
2021-07-09 price GLD                               197.76 USD
2021-07-16 price VBMPX                              70.39 USD
2021-07-16 price RGAGX                             216.45 USD
2021-07-16 price ITOT                              134.19 USD
2021-07-16 price VEA                               148.53 USD
2021-07-16 price VHT                               135.02 USD
2021-07-16 price GLD                               199.73 USD
2021-07-23 price VBMPX                              71.44 USD
2021-07-23 price RGAGX                             216.00 USD
2021-07-23 price ITOT                              133.27 USD
2021-07-23 price VEA                               148.26 USD
2021-07-23 price VHT                               133.70 USD
2021-07-23 price GLD                               198.47 USD
2021-07-30 price VBMPX                              72.31 USD
2021-07-30 price RGAGX                             212.23 USD
2021-07-30 price ITOT                              137.68 USD
2021-07-30 price VEA                               147.13 USD
2021-07-30 price VHT                               134.04 USD
2021-07-30 price GLD                               196.86 USD
2021-08-06 price VBMPX                              72.01 USD
2021-08-06 price RGAGX                             212.98 USD
2021-08-06 price ITOT                              138.49 USD
2021-08-06 price VEA                               148.83 USD
2021-08-06 price VHT                               134.11 USD
2021-08-06 price GLD                               196.12 USD
2021-08-13 price VBMPX                              71.15 USD
2021-08-13 price RGAGX                             217.38 USD
2021-08-13 price ITOT                              139.61 USD
2021-08-13 price VEA                               148.26 USD
2021-08-13 price VHT                               134.48 USD
2021-08-13 price GLD                               194.21 USD
2021-08-20 price VBMPX                              69.90 USD
2021-08-20 price RGAGX                             214.50 USD
2021-08-20 price ITOT                              140.99 USD
2021-08-20 price VEA                               148.02 USD
2021-08-20 price VHT                               134.30 USD
2021-08-20 price GLD                               198.03 USD
2021-08-27 price VBMPX                              70.19 USD
2021-08-27 price RGAGX                             215.99 USD
2021-08-27 price ITOT                              140.83 USD
2021-08-27 price VEA                               149.80 USD
2021-08-27 price VHT                               134.85 USD
2021-08-27 price GLD                               195.73 USD
2021-09-03 price VBMPX                              72.24 USD
2021-09-03 price RGAGX                             215.50 USD
2021-09-03 price ITOT                              145.13 USD
2021-09-03 price VEA                               150.56 USD
2021-09-03 price VHT                               134.77 USD
2021-09-03 price GLD                               193.69 USD
2021-09-10 price VBMPX                              71.98 USD
2021-09-10 price RGAGX                             216.13 USD
2021-09-10 price ITOT                              144.20 USD
2021-09-10 price VEA                               152.65 USD
2021-09-10 price VHT                               134.06 USD
2021-09-10 price GLD                               196.54 USD
2021-09-17 price VBMPX                              72.25 USD
2021-09-17 price RGAGX                             219.05 USD
2021-09-17 price ITOT                              143.85 USD
2021-09-17 price VEA                               154.36 USD
2021-09-17 price VHT                               134.72 USD
2021-09-17 price GLD                               198.13 USD
2021-09-24 price VBMPX                              71.43 USD
2021-09-24 price RGAGX                             217.70 USD
2021-09-24 price ITOT                              146.94 USD
2021-09-24 price VEA                               153.72 USD
2021-09-24 price VHT                               135.39 USD
2021-09-24 price GLD                               201.41 USD
2021-10-01 price VBMPX                              73.11 USD
2021-10-01 price RGAGX                             220.45 USD
2021-10-01 price ITOT                              147.61 USD
2021-10-01 price VEA                               151.94 USD
2021-10-01 price VHT                               134.51 USD
2021-10-01 price GLD                               201.81 USD
2021-10-08 price VBMPX                              73.07 USD
2021-10-08 price RGAGX                             221.00 USD
2021-10-08 price ITOT                              147.21 USD
2021-10-08 price VEA                               152.75 USD
2021-10-08 price VHT                               135.28 USD
2021-10-08 price GLD                               199.95 USD
2021-10-15 price VBMPX                              72.79 USD
2021-10-15 price RGAGX                             218.97 USD
2021-10-15 price ITOT                              147.15 USD
2021-10-15 price VEA                               152.80 USD
2021-10-15 price VHT                               133.87 USD
2021-10-15 price GLD                               192.08 USD
2021-10-22 price VBMPX                              71.57 USD
2021-10-22 price RGAGX                             223.40 USD
2021-10-22 price ITOT                              149.35 USD
2021-10-22 price VEA                               153.00 USD
2021-10-22 price VHT                               135.34 USD
2021-10-22 price GLD                               191.18 USD
2021-10-29 price VBMPX                              72.80 USD
2021-10-29 price RGAGX                             223.04 USD
2021-10-29 price ITOT                              148.00 USD
2021-10-29 price VEA                               153.81 USD
2021-10-29 price VHT                               134.65 USD
2021-10-29 price GLD                               187.74 USD
2021-11-05 price VBMPX                              73.83 USD
2021-11-05 price RGAGX                             221.40 USD
2021-11-05 price ITOT                              149.85 USD
2021-11-05 price VEA                               154.22 USD
2021-11-05 price VHT                               135.03 USD
2021-11-05 price GLD                               187.62 USD
2021-11-12 price VBMPX                              73.86 USD
2021-11-12 price RGAGX                             224.62 USD
2021-11-12 price ITOT                              150.06 USD
2021-11-12 price VEA                               152.90 USD
2021-11-12 price VHT                               135.36 USD
2021-11-12 price GLD                               186.49 USD
2021-11-19 price VBMPX                              73.93 USD
2021-11-19 price RGAGX                             223.37 USD
2021-11-19 price ITOT                              151.30 USD
2021-11-19 price VEA                               153.82 USD
2021-11-19 price VHT                               137.22 USD
2021-11-19 price GLD                               190.67 USD
2021-11-26 price VBMPX                              73.29 USD
2021-11-26 price RGAGX                             221.75 USD
2021-11-26 price ITOT                              149.55 USD
2021-11-26 price VEA                               153.16 USD
2021-11-26 price VHT                               138.12 USD
2021-11-26 price GLD                               189.69 USD
2021-12-03 price VBMPX                              73.19 USD
2021-12-03 price RGAGX                             220.59 USD
2021-12-03 price ITOT                              152.32 USD
2021-12-03 price VEA                               152.95 USD
2021-12-03 price VHT                               137.49 USD
2021-12-03 price GLD                               189.43 USD
2021-12-10 price VBMPX                              72.47 USD
2021-12-10 price RGAGX                             219.41 USD
2021-12-10 price ITOT                              153.45 USD
2021-12-10 price VEA                               152.30 USD
2021-12-10 price VHT                               138.06 USD
2021-12-10 price GLD                               190.00 USD
2021-12-17 price VBMPX                              71.49 USD
2021-12-17 price RGAGX                             219.95 USD
2021-12-17 price ITOT                              157.03 USD
2021-12-17 price VEA                               152.16 USD
2021-12-17 price VHT                               139.58 USD
2021-12-17 price GLD                               191.60 USD
2021-12-24 price VBMPX                              71.97 USD
2021-12-24 price RGAGX                             219.78 USD
2021-12-24 price ITOT                              157.45 USD
2021-12-24 price VEA                               150.83 USD
2021-12-24 price VHT                               140.97 USD
2021-12-24 price GLD                               191.67 USD
2021-12-31 price VBMPX                              72.26 USD
2021-12-31 price RGAGX                             220.37 USD
2021-12-31 price ITOT                              157.04 USD
2021-12-31 price VEA                               150.92 USD
2021-12-31 price VHT                               141.44 USD
2021-12-31 price GLD                               194.49 USD
2022-01-07 price VBMPX                              72.22 USD
2022-01-07 price RGAGX                             221.65 USD
2022-01-07 price ITOT                              157.87 USD
2022-01-07 price VEA                               152.14 USD
2022-01-07 price VHT                               142.88 USD
2022-01-07 price GLD                               192.20 USD
2022-01-14 price VBMPX                              73.61 USD
2022-01-14 price RGAGX                             221.53 USD
2022-01-14 price ITOT                              159.95 USD
2022-01-14 price VEA                               152.35 USD
2022-01-14 price VHT                               144.30 USD
2022-01-14 price GLD                               194.11 USD
2022-01-21 price VBMPX                              73.35 USD
2022-01-21 price RGAGX                             220.65 USD
2022-01-21 price ITOT                              159.31 USD
2022-01-21 price VEA                               153.16 USD
2022-01-21 price VHT                               145.03 USD
2022-01-21 price GLD                               199.19 USD



* Cash

